Post Date,Account Number,Account Name,Type,Amount,Customer Reference,Transaction Detail,Balance
14/11/2025,309455-45002268 GBP,"LIQUIDLINE LIMITED","Opening Ledger",392200.25,,,392200.25
14/11/2025,309455-45002268 GBP,"LIQUIDLINE LIMITED","Bank Giro Credit",52.88,"IMMUNOCORE LTD    ","IMMUNOCORE LIMITEDIMMUNOCORE LTD    ",392253.13
14/11/2025,309455-45002268 GBP,"LIQUIDLINE LIMITED","Bank Giro Credit",55.32,"RICHMOND          ","RICHMOND THE AMRCNRICHMOND          ",392308.45
14/11/2025,309455-45002268 GBP,"LIQUIDLINE LIMITED","Bank Giro Credit",58.32,"GP1 TL DERBY      ","GROUP 1 RETAIL LTDGP1 TL DERBY      ",392366.77
14/11/2025,309455-45002268 GBP,"LIQUIDLINE LIMITED","Bank Giro Credit",63.84,"BACS REMITTANCE PL","GREENHAM BODYSHOP BACS REMITTANCE PL",392430.61
14/11/2025,309455-45002268 GBP,"LIQUIDLINE LIMITED","Bank Giro Credit",76.19,"MEDIVET GROUP - GB","MEDIVET GROUP LIMIMEDIVET GROUP - GB",392506.80
14/11/2025,309455-45002268 GBP,"LIQUIDLINE LIMITED","Bank Giro Credit",90.80,,"WINTERTN BRO      ",392597.60
14/11/2025,309455-45002268 GBP,"LIQUIDLINE LIMITED","Bank Giro Credit",124.66,"REIGATE GRAMMAR   ","REIGATE GRAMMAR SCREIGATE GRAMMAR   ",392722.26
14/11/2025,309455-45002268 GBP,"LIQUIDLINE LIMITED","Bank Giro Credit",125.16,"8000012037        ","SHARP BUSINESS SYS8000012037        ",392847.42
14/11/2025,309455-45002268 GBP,"LIQUIDLINE LIMITED","Bank Giro Credit",127.32,"774383            ","PALLETWAYS UK LTD 774383            ",392974.74
14/11/2025,309455-45002268 GBP,"LIQUIDLINE LIMITED","Bank Giro Credit",127.68,,"MARSHALL MOTOR GRP",393102.42
14/11/2025,309455-45002268 GBP,"LIQUIDLINE LIMITED","Bank Giro Credit",131.66,"GP1 TL GUILDFORD  ","GROUP 1 RETAIL LTDGP1 TL GUILDFORD  ",393234.08
14/11/2025,309455-45002268 GBP,"LIQUIDLINE LIMITED","Bank Giro Credit",136.08,"RC TREATT   CO LTD","RC TREATT AND CO  RC TREATT   CO LTD",393370.16
14/11/2025,309455-45002268 GBP,"LIQUIDLINE LIMITED","Bank Giro Credit",138.29,,"RBC LONDON BRANCH ",393508.45
14/11/2025,309455-45002268 GBP,"LIQUIDLINE LIMITED","Bank Giro Credit",139.18,"SI-793701         ","JULIUS BAER INTL LSI-793701         ",393647.63
14/11/2025,309455-45002268 GBP,"LIQUIDLINE LIMITED","Bank Giro Credit",154.80,"BROADCASTBACS14112","TWOFOUR BROADCAS LBROADCASTBACS14112",393802.43
14/11/2025,309455-45002268 GBP,"LIQUIDLINE LIMITED","Bank Giro Credit",156.00,"14854             ","ST JOSEPHS EXPENSE14854             ",393958.43
14/11/2025,309455-45002268 GBP,"LIQUIDLINE LIMITED","Bank Giro Credit",156.88,"TURLEY            ","TURLEY ASSOCIATES TURLEY            ",394115.31
14/11/2025,309455-45002268 GBP,"LIQUIDLINE LIMITED","Bank Giro Credit",160.83,"BACS REMITTANCE PL","S&Y SALE          BACS REMITTANCE PL",394276.14
14/11/2025,309455-45002268 GBP,"LIQUIDLINE LIMITED","Bank Giro Credit",165.76,,"MMG BEDFORD LAND R",394441.90
14/11/2025,309455-45002268 GBP,"LIQUIDLINE LIMITED","Bank Giro Credit",179.62,"4375730           ","HARROGATE HEALTHCA4375730           ",394621.52
14/11/2025,309455-45002268 GBP,"LIQUIDLINE LIMITED","Bank Giro Credit",180.00,"047096            ","BAUSCH AND LOMB   047096            ",394801.52
14/11/2025,309455-45002268 GBP,"LIQUIDLINE LIMITED","Bank Giro Credit",180.90,"LIQ004            ","CAREY GROUP LTD   LIQ004            ",394982.42
14/11/2025,309455-45002268 GBP,"LIQUIDLINE LIMITED","Bank Giro Credit",181.48,"ORMISTON ACADEMIES","ORMISTON ACADEMIESORMISTON ACADEMIES",395163.90
14/11/2025,309455-45002268 GBP,"LIQUIDLINE LIMITED","Bank Giro Credit",184.09,"MOORDALE SI-777384","MOORDALE FOODS LIMMOORDALE SI-777384",395347.99
14/11/2025,309455-45002268 GBP,"LIQUIDLINE LIMITED","Bank Giro Credit",205.10,"TRANSFER          ","NEWASURION EUROPE TRANSFER          ",395553.09
14/11/2025,309455-45002268 GBP,"LIQUIDLINE LIMITED","Bank Giro Credit",209.06,"GP1 TL SANDHURST  ","GROUP 1 RETAIL LTDGP1 TL SANDHURST  ",395762.15
14/11/2025,309455-45002268 GBP,"LIQUIDLINE LIMITED","Bank Giro Credit",209.77,"GP 1 LEXUS DERBY  ","GROUP 1 RETAIL LTDGP 1 LEXUS DERBY  ",395971.92
14/11/2025,309455-45002268 GBP,"LIQUIDLINE LIMITED","Bank Giro Credit",222.48,,"BDW ANGLIA        ",396194.40
14/11/2025,309455-45002268 GBP,"LIQUIDLINE LIMITED","Bank Giro Credit",225.60,"UCS COLLEGE GROUP ","UCS COLLEGE GROUP UCS COLLEGE GROUP ",396420.00
14/11/2025,309455-45002268 GBP,"LIQUIDLINE LIMITED","Bank Giro Credit",231.43,"GPMT014843        ","PALLETOWER        GPMT014843        ",396651.43
14/11/2025,309455-45002268 GBP,"LIQUIDLINE LIMITED","Bank Giro Credit",237.95,"1510 2000044197 K ","ASSOCIATED BRITISH1510 2000044197 K ",396889.38
14/11/2025,309455-45002268 GBP,"LIQUIDLINE LIMITED","Bank Giro Credit",244.89,"LIQU1             ","BLPS LIMITED      LIQU1             ",397134.27
14/11/2025,309455-45002268 GBP,"LIQUIDLINE LIMITED","Bank Giro Credit",254.61,"472345            ","HSBC PORTHAVEN    472345            ",397388.88
14/11/2025,309455-45002268 GBP,"LIQUIDLINE LIMITED","Bank Giro Credit",258.24,"BOPA 1500020333 K ","FORFARMERS UK LTD BOPA 1500020333 K ",397647.12
14/11/2025,309455-45002268 GBP,"LIQUIDLINE LIMITED","Bank Giro Credit",283.48,"SAVILLS-B807177   ","SAVILLS UK LTD    SAVILLS-B807177   ",397930.60
14/11/2025,309455-45002268 GBP,"LIQUIDLINE LIMITED","Bank Giro Credit",287.04,"SI-790001         ","ACCESSO TECHNOLOGYSI-790001         ",398217.64
14/11/2025,309455-45002268 GBP,"LIQUIDLINE LIMITED","Bank Giro Credit",289.89,"LOUTH - W CARE LTD","LOUTH-W CARE      LOUTH - W CARE LTD",398507.53
14/11/2025,309455-45002268 GBP,"LIQUIDLINE LIMITED","Bank Giro Credit",292.39,"21119             ","G4 INNS LTD       21119             ",398799.92
14/11/2025,309455-45002268 GBP,"LIQUIDLINE LIMITED","Bank Giro Credit",296.55,"21177             ","FRANCESCO GROUP LT21177             ",399096.47
14/11/2025,309455-45002268 GBP,"LIQUIDLINE LIMITED","Bank Giro Credit",316.55,"SI-777768.        ","CADENCE DESIGN SYSSI-777768.        ",399413.02
14/11/2025,309455-45002268 GBP,"LIQUIDLINE LIMITED","Bank Giro Credit",318.15,"BACS REMITTANCE PL","LISTERS GRP AUDI  BACS REMITTANCE PL",399731.17
14/11/2025,309455-45002268 GBP,"LIQUIDLINE LIMITED","Bank Giro Credit",330.58,"GP1 TL BASINGSTOKE","GROUP 1 RETAIL LTDGP1 TL BASINGSTOKE",400061.75
14/11/2025,309455-45002268 GBP,"LIQUIDLINE LIMITED","Bank Giro Credit",330.69,"2004000682        ","FITCH LEARNING LTD2004000682        ",400392.44
14/11/2025,309455-45002268 GBP,"LIQUIDLINE LIMITED","Bank Giro Credit",337.46,"300750 - 12485    ","MGRPF             300750 - 12485    ",400729.90
14/11/2025,309455-45002268 GBP,"LIQUIDLINE LIMITED","Bank Giro Credit",338.60,"GP1 TL WARRINGTON ","GROUP 1 RETAIL LTDGP1 TL WARRINGTON ",401068.50
14/11/2025,309455-45002268 GBP,"LIQUIDLINE LIMITED","Bank Giro Credit",340.28,"SI-785275         ","LAND SECURITIES PRSI-785275         ",401408.78
14/11/2025,309455-45002268 GBP,"LIQUIDLINE LIMITED","Bank Giro Credit",345.67,"LIFEPLUS EUROPE   ","LIFEPLUS EUROPE LILIFEPLUS EUROPE   ",401754.45
14/11/2025,309455-45002268 GBP,"LIQUIDLINE LIMITED","Bank Giro Credit",353.92,,"ESSEX SEAT        ",402108.37
14/11/2025,309455-45002268 GBP,"LIQUIDLINE LIMITED","Bank Giro Credit",357.28,,"MARSHALL CAMBRIDGE",402465.65
14/11/2025,309455-45002268 GBP,"LIQUIDLINE LIMITED","Bank Giro Credit",366.76,"2511106243        ","BURO HAPPOLD LTD  2511106243        ",402832.41
14/11/2025,309455-45002268 GBP,"LIQUIDLINE LIMITED","Bank Giro Credit",373.92,"SI-757555         ","FIRST POINT UK GBPSI-757555         ",403206.33
14/11/2025,309455-45002268 GBP,"LIQUIDLINE LIMITED","Bank Giro Credit",377.87,"506126572         ","CARDNET  506126572506126572         ",403584.20
14/11/2025,309455-45002268 GBP,"LIQUIDLINE LIMITED","Bank Giro Credit",388.06,"SEE REMIT         ","MOTUS CM FSSC     SEE REMIT         ",403972.26
14/11/2025,309455-45002268 GBP,"LIQUIDLINE LIMITED","Bank Giro Credit",388.88,"0000071112        ","GUTTERIDGE HASKINS0000071112        ",404361.14
14/11/2025,309455-45002268 GBP,"LIQUIDLINE LIMITED","Bank Giro Credit",428.40,"000000000000000   ","PEMBROKE COLLEGE C000000000000000   ",404789.54
14/11/2025,309455-45002268 GBP,"LIQUIDLINE LIMITED","Bank Giro Credit",430.55,"LIQ001            ","LUCY CAVENDISH   BLIQ001            ",405220.09
14/11/2025,309455-45002268 GBP,"LIQUIDLINE LIMITED","Bank Giro Credit",436.80,"SI-780564         ","WILKIN & SON LTD  SI-780564         ",405656.89
14/11/2025,309455-45002268 GBP,"LIQUIDLINE LIMITED","Bank Giro Credit",455.84,,"MARSHALL PETERBORO",406112.73
14/11/2025,309455-45002268 GBP,"LIQUIDLINE LIMITED","Bank Giro Credit",462.45,"SUPPLIERS 14.11.25","SEA-KIT           SUPPLIERS 14.11.25",406575.18
14/11/2025,309455-45002268 GBP,"LIQUIDLINE LIMITED","Bank Giro Credit",470.92,"023440            ","ICMP MANAGEMENT LI023440            ",407046.10
14/11/2025,309455-45002268 GBP,"LIQUIDLINE LIMITED","Bank Giro Credit",477.86,"GP1 TL NORTH NOTTS","GROUP 1 RETAIL LTDGP1 TL NORTH NOTTS",407523.96
14/11/2025,309455-45002268 GBP,"LIQUIDLINE LIMITED","Bank Giro Credit",482.75,"021110 - HAILEYBUR","HAILEYBURY COLLEGE021110 - HAILEYBUR",408006.71
14/11/2025,309455-45002268 GBP,"LIQUIDLINE LIMITED","Bank Giro Credit",497.37,"BRITISH REMA PROC ","BRITISH REMA PRO  BRITISH REMA PROC ",408504.08
14/11/2025,309455-45002268 GBP,"LIQUIDLINE LIMITED","Bank Giro Credit",499.25,"0                 ","AUTO TRADER LIMITE0                 ",409003.33
14/11/2025,309455-45002268 GBP,"LIQUIDLINE LIMITED","Bank Giro Credit",501.03,"VP168636          ","DULWICH COLLEGE MAVP168636          ",409504.36
14/11/2025,309455-45002268 GBP,"LIQUIDLINE LIMITED","Bank Giro Credit",504.00,"FIRST MILE LTD    ","FIRST MILE LTD    FIRST MILE LTD    ",410008.36
14/11/2025,309455-45002268 GBP,"LIQUIDLINE LIMITED","Bank Giro Credit",515.23,"472667            ","HSBC PORTHAVEN    472667            ",410523.59
14/11/2025,309455-45002268 GBP,"LIQUIDLINE LIMITED","Bank Giro Credit",526.50,"NUFFIELD FNDN     ","NUFFIELD FND ADMINNUFFIELD FNDN     ",411050.09
14/11/2025,309455-45002268 GBP,"LIQUIDLINE LIMITED","Bank Giro Credit",527.42,"23189             ","DUNLOP HEYWOOD    23189             ",411577.51
14/11/2025,309455-45002268 GBP,"LIQUIDLINE LIMITED","Bank Giro Credit",532.31,"1152758465        ","LINNAEUS VETERINAR1152758465        ",412109.82
14/11/2025,309455-45002268 GBP,"LIQUIDLINE LIMITED","Bank Giro Credit",545.04,"312260320         ","COVINGTON & BURLIN312260320         ",412654.86
14/11/2025,309455-45002268 GBP,"LIQUIDLINE LIMITED","Bank Giro Credit",589.43,"BACS REMITTANCE PL","GWR KIA           BACS REMITTANCE PL",413244.29
14/11/2025,309455-45002268 GBP,"LIQUIDLINE LIMITED","Bank Giro Credit",591.14,"CLARKEWILLMOTT    ","CLARKE WILLMOTT   CLARKEWILLMOTT    ",413835.43
14/11/2025,309455-45002268 GBP,"LIQUIDLINE LIMITED","Bank Giro Credit",614.64,"LIQUID05          ","06-LORNE STEWART PLIQUID05          ",414450.07
14/11/2025,309455-45002268 GBP,"LIQUIDLINE LIMITED","Bank Giro Credit",649.77,"BACS200017491     ","HARRISON CATERING BACS200017491     ",415099.84
14/11/2025,309455-45002268 GBP,"LIQUIDLINE LIMITED","Bank Giro Credit",729.55,"HEX BACS          ","HOPKINS HOMES LTD HEX BACS          ",415829.39
14/11/2025,309455-45002268 GBP,"LIQUIDLINE LIMITED","Bank Giro Credit",773.34,"112683-001        ","DAC BEACHCROFT CLA112683-001        ",416602.73
14/11/2025,309455-45002268 GBP,"LIQUIDLINE LIMITED","Bank Giro Credit",780.00,"SPAY000336434-5682","RANK GROUP GAMING SPAY000336434-5682",417382.73
14/11/2025,309455-45002268 GBP,"LIQUIDLINE LIMITED","Bank Giro Credit",787.50,"EFT-005334907     ","CUSHMAN   WAKEFIELEFT-005334907     ",418170.23
14/11/2025,309455-45002268 GBP,"LIQUIDLINE LIMITED","Bank Giro Credit",807.90,"4111 2511600756 K ","GFK U.K. LIMITED  4111 2511600756 K ",418978.13
14/11/2025,309455-45002268 GBP,"LIQUIDLINE LIMITED","Bank Giro Credit",820.18,"CRR0X69KKY        ","FELSTED SCHOOL 1  CRR0X69KKY        ",419798.31
14/11/2025,309455-45002268 GBP,"LIQUIDLINE LIMITED","Bank Giro Credit",838.17,"00001175 12       ","VIRGIN MANAGEMENT 00001175/12       ",420636.48
14/11/2025,309455-45002268 GBP,"LIQUIDLINE LIMITED","Bank Giro Credit",847.13,"472692            ","HSBC PORTHAVEN    472692            ",421483.61
14/11/2025,309455-45002268 GBP,"LIQUIDLINE LIMITED","Bank Giro Credit",888.19,"80004730          ","UNILMMO DEUTSCHLAN80004730          ",422371.80
14/11/2025,309455-45002268 GBP,"LIQUIDLINE LIMITED","Bank Giro Credit",913.81,"PARKS TOWNHEAD WB ","PARKS TOWNHEAD LTDPARKS TOWNHEAD WB ",423285.61
14/11/2025,309455-45002268 GBP,"LIQUIDLINE LIMITED","Bank Giro Credit",918.76,"SI-740763         ","CVI UK MFG LE     SI-740763         ",424204.37
14/11/2025,309455-45002268 GBP,"LIQUIDLINE LIMITED","Bank Giro Credit",942.12,"HILLS RESIDENTIAL ","HILLS RESIDENTIAL HILLS RESIDENTIAL ",425146.49
14/11/2025,309455-45002268 GBP,"LIQUIDLINE LIMITED","Bank Giro Credit",951.12,"CTLIQ001       GBP","GIRTON COLLEGE    CTLIQ001       GBP",426097.61
14/11/2025,309455-45002268 GBP,"LIQUIDLINE LIMITED","Bank Giro Credit",962.76,"LOOKERS BMW MINI  ","LOOKERS MOTOR GR  LOOKERS BMW/MINI  ",427060.37
14/11/2025,309455-45002268 GBP,"LIQUIDLINE LIMITED","Bank Giro Credit",995.56,"1152886752        ","NESTA             1152886752        ",428055.93
14/11/2025,309455-45002268 GBP,"LIQUIDLINE LIMITED","Bank Giro Credit",996.46,"1100 2000006008 K ","R TWINING AND COMP1100 2000006008 K ",429052.39
14/11/2025,309455-45002268 GBP,"LIQUIDLINE LIMITED","Bank Giro Credit",1022.86,"BACS REMITTANCE PL","CHAND GAR  HOLD   BACS REMITTANCE PL",430075.25
14/11/2025,309455-45002268 GBP,"LIQUIDLINE LIMITED","Bank Giro Credit",1049.69,,"MARSHALL MOTOR GRO",431124.94
14/11/2025,309455-45002268 GBP,"LIQUIDLINE LIMITED","Bank Giro Credit",1067.19,"YMU GROUP         ","YMU MANAGEMENT LIMYMU GROUP         ",432192.13
14/11/2025,309455-45002268 GBP,"LIQUIDLINE LIMITED","Bank Giro Credit",1074.00,"20885             ","SUNDERLAND HOTELS 20885             ",433266.13
14/11/2025,309455-45002268 GBP,"LIQUIDLINE LIMITED","Bank Giro Credit",1087.68,"086498            ","EAST SUFFOLK BACS 086498            ",434353.81
14/11/2025,309455-45002268 GBP,"LIQUIDLINE LIMITED","Bank Giro Credit",1126.55,,"GAMMA TELECOM LTD ",435480.36
14/11/2025,309455-45002268 GBP,"LIQUIDLINE LIMITED","Bank Giro Credit",1253.42,"SPAY000336435-5682","RANK GROUP GAMING SPAY000336435-5682",436733.78
14/11/2025,309455-45002268 GBP,"LIQUIDLINE LIMITED","Bank Giro Credit",1287.58,"BOA UK PSA1       ","UK STANTEC CONSULTBOA UK PSA1       ",438021.36
14/11/2025,309455-45002268 GBP,"LIQUIDLINE LIMITED","Bank Giro Credit",1302.32,"ANDRON            ","ANDRON CONTRACT SEANDRON            ",439323.68
14/11/2025,309455-45002268 GBP,"LIQUIDLINE LIMITED","Bank Giro Credit",1303.46,"CLOUD FM          ","CLOUDFM INTEGRATEDCLOUD FM          ",440627.14
14/11/2025,309455-45002268 GBP,"LIQUIDLINE LIMITED","Bank Giro Credit",1365.79,,"VISTRY WEST LONDON",441992.93
14/11/2025,309455-45002268 GBP,"LIQUIDLINE LIMITED","Bank Giro Credit",1446.58,"CVSUK             ","CVS UK LIMITED    CVSUK             ",443439.51
14/11/2025,309455-45002268 GBP,"LIQUIDLINE LIMITED","Bank Giro Credit",1540.02,"SPAY000336433-5682","RANK GROUP GAMING SPAY000336433-5682",444979.53
14/11/2025,309455-45002268 GBP,"LIQUIDLINE LIMITED","Bank Giro Credit",1545.74,"0002000426026     ","MCCAIN FOODS  G.B.0002000426026     ",446525.27
14/11/2025,309455-45002268 GBP,"LIQUIDLINE LIMITED","Bank Giro Credit",1561.89,"505967620         ","CARDNET  505967620505967620         ",448087.16
14/11/2025,309455-45002268 GBP,"LIQUIDLINE LIMITED","Bank Giro Credit",1568.00,"NO.SI-773885 17.9.","TAKEDA INTERNATIONNO.SI-773885/17.9.",449655.16
14/11/2025,309455-45002268 GBP,"LIQUIDLINE LIMITED","Bank Giro Credit",1582.67,"MEWBURN ELLIS LLP ","MEWBURN GBP       MEWBURN ELLIS LLP ",451237.83
14/11/2025,309455-45002268 GBP,"LIQUIDLINE LIMITED","Bank Giro Credit",1602.90,,"VISTRY HOMES LTD  ",452840.73
14/11/2025,309455-45002268 GBP,"LIQUIDLINE LIMITED","Bank Giro Credit",1658.75,"SI-784602         ","CUSHMAN AND WAKEFISI-784602         ",454499.48
14/11/2025,309455-45002268 GBP,"LIQUIDLINE LIMITED","Bank Giro Credit",1683.81,"SI784893-SI784889-","AMERICAN AIRLINES SI784893-SI784889-",456183.29
14/11/2025,309455-45002268 GBP,"LIQUIDLINE LIMITED","Bank Giro Credit",1705.05,"INV 789220 792410 ","TINDALL RILEY & COINV 789220 792410 ",457888.34
14/11/2025,309455-45002268 GBP,"LIQUIDLINE LIMITED","Bank Giro Credit",1747.78,"SEPTEMBER BACS    ","LOOKERS MOTOR GROUSEPTEMBER BACS    ",459636.12
14/11/2025,309455-45002268 GBP,"LIQUIDLINE LIMITED","Bank Giro Credit",2003.04,"LIQ003-001        ","DAC BEACHCROFT SERLIQ003-001        ",461639.16
14/11/2025,309455-45002268 GBP,"LIQUIDLINE LIMITED","Bank Giro Credit",2016.82,"GROUP 1 MB        ","GERARD MANN       GROUP 1 MB        ",463655.98
14/11/2025,309455-45002268 GBP,"LIQUIDLINE LIMITED","Bank Giro Credit",2019.53,"ALLMANHALL        ","ALLMANHALL LTD    ALLMANHALL        ",465675.51
14/11/2025,309455-45002268 GBP,"LIQUIDLINE LIMITED","Bank Giro Credit",2212.24,"754072025-11-1480 ","MULTIPLEX CONSTRUC754072025-11-1480 ",467887.75
14/11/2025,309455-45002268 GBP,"LIQUIDLINE LIMITED","Bank Giro Credit",2268.63,"CHEFFINS          ","CHEFFINS OFFICE   CHEFFINS          ",470156.38
14/11/2025,309455-45002268 GBP,"LIQUIDLINE LIMITED","Bank Giro Credit",2391.55,"THE CLUB COMPANY  ","THE CLUB COMPANY UTHE CLUB COMPANY  ",472547.93
14/11/2025,309455-45002268 GBP,"LIQUIDLINE LIMITED","Bank Giro Credit",2506.44,,"MUFG CORPORATE MAR",475054.37
14/11/2025,309455-45002268 GBP,"LIQUIDLINE LIMITED","Bank Giro Credit",2531.63,"LIQLIN001         ","FREIGHTLINER LTD  LIQLIN001         ",477586.00
14/11/2025,309455-45002268 GBP,"LIQUIDLINE LIMITED","Bank Giro Credit",2721.60,"NISBETS LTD       ","NISBETS LIMITED   NISBETS LTD       ",480307.60
14/11/2025,309455-45002268 GBP,"LIQUIDLINE LIMITED","Bank Giro Credit",2796.47,,"ROYAL HOSPITAL SCH",483104.07
14/11/2025,309455-45002268 GBP,"LIQUIDLINE LIMITED","Bank Giro Credit",2937.57,"PURCHASE PAYMENT  ","FOODITUDE LTD     PURCHASE PAYMENT  ",486041.64
14/11/2025,309455-45002268 GBP,"LIQUIDLINE LIMITED","Bank Giro Credit",3026.29,"5997              ","LNER LTD          5997              ",489067.93
14/11/2025,309455-45002268 GBP,"LIQUIDLINE LIMITED","Bank Giro Credit",3108.00,"0                 ","AUTO TRADER LIMIT 0                 ",492175.93
14/11/2025,309455-45002268 GBP,"LIQUIDLINE LIMITED","Bank Giro Credit",3370.62,"112739            ","EUROSTAR PAY ACC  112739            ",495546.55
14/11/2025,309455-45002268 GBP,"LIQUIDLINE LIMITED","Bank Giro Credit",3948.30,"REM251110020012LIQ","THE HUT.COM LIMITEREM251110020012LIQ",499494.85
14/11/2025,309455-45002268 GBP,"LIQUIDLINE LIMITED","Bank Giro Credit",4083.69,,"DFS TRADING LTD   ",503578.54
14/11/2025,309455-45002268 GBP,"LIQUIDLINE LIMITED","Bank Giro Credit",4103.31,"GBP               ","BNP PARIBAS LONDONGBP               ",507681.85
14/11/2025,309455-45002268 GBP,"LIQUIDLINE LIMITED","Bank Giro Credit",4714.68,,"MPS PAYMENTS      ",512396.53
14/11/2025,309455-45002268 GBP,"LIQUIDLINE LIMITED","Bank Giro Credit",7261.22,"REQ               ","WT UK OPCO 4 LTD  REQ               ",519657.75
14/11/2025,309455-45002268 GBP,"LIQUIDLINE LIMITED","Bank Giro Credit",7264.81,,"CARE UK COMMUNITY ",526922.56
14/11/2025,309455-45002268 GBP,"LIQUIDLINE LIMITED","Bank Giro Credit",7351.52,"36356             ","MCGILL AND PARTNER36356             ",534274.08
14/11/2025,309455-45002268 GBP,"LIQUIDLINE LIMITED","Bank Giro Credit",14419.94,"SI-751099  SI-7768","LAND SECURITIES PRSI-751099  SI-7768",548694.02
14/11/2025,309455-45002268 GBP,"LIQUIDLINE LIMITED","Bank Giro Credit",19141.92,"TGC 2015 LIMITED  ","TGC 2015 LIMITED  TGC 2015 LIMITED  ",567835.94
14/11/2025,309455-45002268 GBP,"LIQUIDLINE LIMITED","Bank Giro Credit",26521.32,"2960              ","GREAT PORTLAND EST2960              ",594357.26
14/11/2025,309455-45002268 GBP,"LIQUIDLINE LIMITED","Faster Payment",172.50,"WAYSTONE GOVERNANC","WAYSTONE GOVERNANCXP2955289017369753185008     40     14NOV25 00:30     ",594529.76
14/11/2025,309455-45002268 GBP,"LIQUIDLINE LIMITED","Faster Payment",647.54,"PERENCO HOLDINGS  ","PERENCO HOLDINGS  XP4357846416321516185008     40     14NOV25 00:31     ",595177.30
14/11/2025,309455-45002268 GBP,"LIQUIDLINE LIMITED","Bill Payment",371.28,,"TANGERINE PARTNERS",595548.58
14/11/2025,309455-45002268 GBP,"LIQUIDLINE LIMITED","Bill Payment",50.34,,"K & J O'SULLIVAN L21175             ",595598.92
14/11/2025,309455-45002268 GBP,"LIQUIDLINE LIMITED","Direct Debit or Bacs Payment",-127.08,"LIQUIDGIN         ","FFFN              LIQUIDGIN         ",595471.84
14/11/2025,309455-45002268 GBP,"LIQUIDLINE LIMITED","Direct Debit or Bacs Payment",-342.97,"6HVJ7CA           ","GOODNUS           6HVJ7CA           ",595128.87
14/11/2025,309455-45002268 GBP,"LIQUIDLINE LIMITED","Direct Debit or Bacs Payment",-345.00,"000000000061343707","DVLA-WR70VSC      000000000061343707",594783.87
14/11/2025,309455-45002268 GBP,"LIQUIDLINE LIMITED","Direct Debit or Bacs Payment",-375.35,"FZ0SU3YD-YEATES   ","STRIPE            FZ0SU3YD-YEATES   ",594408.52
14/11/2025,309455-45002268 GBP,"LIQUIDLINE LIMITED","Direct Debit or Bacs Payment",-500.00,"32712746G5Q9TFN1EQ","GOOGLE IRELAND LTD32712746G5Q9TFN1EQ",593908.52
14/11/2025,309455-45002268 GBP,"LIQUIDLINE LIMITED","Direct Debit or Bacs Payment",-500.00,"32712746GSGZWYPDPJ","GOOGLE IRELAND LTD32712746GSGZWYPDPJ",593408.52
14/11/2025,309455-45002268 GBP,"LIQUIDLINE LIMITED","Direct Debit or Bacs Payment",-561.60,"505967620 SVCCHG  ","CARDNET           505967620 SVCCHG  ",592846.92
14/11/2025,309455-45002268 GBP,"LIQUIDLINE LIMITED","Direct Debit or Bacs Payment",-631.04,"506126572 SVCCHG  ","CARDNET           506126572 SVCCHG  ",592215.88
14/11/2025,309455-45002268 GBP,"LIQUIDLINE LIMITED","Direct Debit or Bacs Payment",-768.00,"LIQUIDLINE        ","SURECAM           LIQUIDLINE        ",591447.88
14/11/2025,309455-45002268 GBP,"LIQUIDLINE LIMITED","Direct Debit or Bacs Payment",-3109.66,"MABWP3T-PE-660871 ","POZITIVE ENERGY   MABWP3T-PE-660871 ",588338.22
14/11/2025,309455-45002268 GBP,"LIQUIDLINE LIMITED","Direct Debit or Bacs Payment",-9450.25,"SUPP PAY RUN      ","1152869119        SUPP PAY RUN      ",578887.97
14/11/2025,309455-45002268 GBP,"LIQUIDLINE LIMITED","Direct Debit or Bacs Payment",-261001.25,"SUPP PAY RUN      ","1152867576        SUPP PAY RUN      ",317886.72
14/11/2025,309455-45002268 GBP,"LIQUIDLINE LIMITED","Faster Payment",2241.22,"ALLPOINTS FIBRE NE","ALLPOINTS FIBRE NE00000295          11023111185937000N560068     40     14NOV25 02:31     ",320127.94
14/11/2025,309455-45002268 GBP,"LIQUIDLINE LIMITED","Faster Payment",297.19,"JONES PA FG L TPM ","JONES PA FG L TPM 21170             62023118934298000N010832     40     14NOV25 02:32     ",320425.13
14/11/2025,309455-45002268 GBP,"LIQUIDLINE LIMITED","Faster Payment",78.00,"RED LIONS ESTATE L","RED LIONS ESTATE LSUPPLIERS PAYMENTS36023135890204000N601928     40     14NOV25 02:33     ",320503.13
14/11/2025,309455-45002268 GBP,"LIQUIDLINE LIMITED","Faster Payment",83.51,"WORLDLINE MERCHANT","WORLDLINE MERCHANT202511130294848   010F274253181FW3  608382     10     14NOV25 02:33     ",320586.64
14/11/2025,309455-45002268 GBP,"LIQUIDLINE LIMITED","Faster Payment",4637.14,"INFLITE THE JET CE","INFLITE THE JET CEINFLITE THE JET CE16023738287608000N600236     40     14NOV25 02:37     ",325223.78
14/11/2025,309455-45002268 GBP,"LIQUIDLINE LIMITED","Faster Payment",467.40,"MODALITY LLP      ","MODALITY LLP      MODALITY LLP      25023021078154000R161318     40     14NOV25 02:38     ",325691.18
14/11/2025,309455-45002268 GBP,"LIQUIDLINE LIMITED","Faster Payment",649.20,"G M A WAREHOUSING ","G M A WAREHOUSING GMA001            22024157526987000N536124     40     14NOV25 02:42     ",326340.38
14/11/2025,309455-45002268 GBP,"LIQUIDLINE LIMITED","Faster Payment",2.95,"CORNW PARTN NHS FT","CORNW PARTN NHS FTCORN PART NHSFT   34023327005460000N607080     40     14NOV25 02:49     ",326343.33
14/11/2025,309455-45002268 GBP,"LIQUIDLINE LIMITED","Faster Payment",405.84,"SJ & RC WHITEHOUSE","SJ & RC WHITEHOUSE21182             38023121090597000N010832     40     14NOV25 02:51     ",326749.17
14/11/2025,309455-45002268 GBP,"LIQUIDLINE LIMITED","Faster Payment",1672.11,"RED GATE SOFTWAR  ","RED GATE SOFTWAR  GBP TRADE SUPP RED30024056370024000N521046     40     14NOV25 03:01     ",328421.28
14/11/2025,309455-45002268 GBP,"LIQUIDLINE LIMITED","Faster Payment",17.54,"TOUCHSTONE LTD    ","TOUCHSTONE LTD    TOUCHSTONE        14023255652525000N600424     40     14NOV25 03:02     ",328438.82
14/11/2025,309455-45002268 GBP,"LIQUIDLINE LIMITED","Faster Payment",7134.72,"ST JOHNS GENERAL E","ST JOHNS GENERAL ELIQUID LINE       28030042609694000R158000     40     14NOV25 03:13     ",335573.54
14/11/2025,309455-45002268 GBP,"LIQUIDLINE LIMITED","Faster Payment",216.02,"WINGS PBOROUGH L B","WINGS PBOROUGH L BSI-783760         MF00064653909DB300206568     40     14NOV25 03:14     ",335789.56
14/11/2025,309455-45002268 GBP,"LIQUIDLINE LIMITED","Faster Payment",644.02,"AREA SQ. LIMITED  ","AREA SQ. LIMITED  AREA SQ LIMITED   36023029285329000R160079     40     14NOV25 03:14     ",336433.58
14/11/2025,309455-45002268 GBP,"LIQUIDLINE LIMITED","Faster Payment",188.89,"CENTIVA CAPITAL UK","CENTIVA CAPITAL UKSI-789150         163782151304155UCN165050     40     14NOV25 03:15     ",336622.47
14/11/2025,309455-45002268 GBP,"LIQUIDLINE LIMITED","Faster Payment",188.89,"CENTIVA CAPITAL UK","CENTIVA CAPITAL UKSI-789149         163782151304160UCN165050     40     14NOV25 03:15     ",336811.36
14/11/2025,309455-45002268 GBP,"LIQUIDLINE LIMITED","Faster Payment",174.75,"DANLUKER LTD SW   ","DANLUKER LTD SW   SUPPLYCARE        BX2511125966723300203698     40     14NOV25 03:18     ",336986.11
14/11/2025,309455-45002268 GBP,"LIQUIDLINE LIMITED","Faster Payment",288.02,"HANSELLS SOLICITOR","HANSELLS SOLICITORSI-783289         24023123386641000N601531     40     14NOV25 03:24     ",337274.13
14/11/2025,309455-45002268 GBP,"LIQUIDLINE LIMITED","Faster Payment",378.42,"FUNDING CIRCLE L B","FUNDING CIRCLE L BSI-785305         MF000946538F678F00208022     40     14NOV25 03:26     ",337652.55
14/11/2025,309455-45002268 GBP,"LIQUIDLINE LIMITED","Faster Payment",63.63,"LOGISTIC PLANNIN  ","LOGISTIC PLANNIN  LP SUPPLIERS      13030425401967000N600817     40     14NOV25 03:36     ",337716.18
14/11/2025,309455-45002268 GBP,"LIQUIDLINE LIMITED","Faster Payment",1646.42,"THE GREY COAT HOSP","THE GREY COAT HOSPGREY COAT HOSPITAL54023509088483000N560033     40     14NOV25 03:39     ",339362.60
14/11/2025,309455-45002268 GBP,"LIQUIDLINE LIMITED","Faster Payment",1372.80,"CORIO GENERATION L","CORIO GENERATION LSI-790548         13023409242142000N600001     40     14NOV25 03:40     ",340735.40
14/11/2025,309455-45002268 GBP,"LIQUIDLINE LIMITED","Faster Payment",205.67,"UK ROOFING LTD    ","UK ROOFING LTD    UKROOFINGSUPPLIES BX2511115944571100200206     40     14NOV25 03:41     ",340941.07
14/11/2025,309455-45002268 GBP,"LIQUIDLINE LIMITED","Faster Payment",431.83,"VS LLP OFFICE CU B","VS LLP OFFICE CU BSI-786134         MF006246538F604200200000     40     14NOV25 03:41     ",341372.90
14/11/2025,309455-45002268 GBP,"LIQUIDLINE LIMITED","Faster Payment",150.00,"QUEEN ELIZABETH'S ","QUEEN ELIZABETH'S QESCHOOL          10023448668036000N516134     40     14NOV25 03:42     ",341522.90
14/11/2025,309455-45002268 GBP,"LIQUIDLINE LIMITED","Faster Payment",16.50,"LILLEY'S CIDER LIM","LILLEY'S CIDER LIMSI-785798         47024143935051000N600205     40     14NOV25 03:47     ",341539.40
14/11/2025,309455-45002268 GBP,"LIQUIDLINE LIMITED","Faster Payment",542.84,"UNIVERSITY COLLEGE","UNIVERSITY COLLEGEUCEM              49024119902828000N601721     40     14NOV25 03:48     ",342082.24
14/11/2025,309455-45002268 GBP,"LIQUIDLINE LIMITED","Faster Payment",720.00,"TRUST PAYMENTS ( B","TRUST PAYMENTS ( BSI780150 SI780151 MF000546538F7CD500200000     40     14NOV25 03:50     ",342802.24
14/11/2025,309455-45002268 GBP,"LIQUIDLINE LIMITED","Faster Payment",1287.39,"GB NEWS LIMITED   ","GB NEWS LIMITED   SI-785842         49033034283265000N180002     40     14NOV25 03:52     ",344089.63
14/11/2025,309455-45002268 GBP,"LIQUIDLINE LIMITED","Faster Payment",195.66,"PINNACLE GROUP LIM","PINNACLE GROUP LIMPINNACLE GROUP LIMMF000346538F9EF400200000     40     14NOV25 04:08     ",344285.29
14/11/2025,309455-45002268 GBP,"LIQUIDLINE LIMITED","Faster Payment",101.40,"HEALTHHERO INTEG B","HEALTHHERO INTEG BHEALTHHERO IC LTD MF001046538D758700207887     40     14NOV25 04:18     ",344386.69
14/11/2025,309455-45002268 GBP,"LIQUIDLINE LIMITED","Faster Payment",1074.00,"PORT LTD NO2 AC   ","PORT LTD NO2 AC   PORTSWIGGER LTD 00MF00104653901D5500209074     40     14NOV25 04:22     ",345460.69
14/11/2025,309455-45002268 GBP,"LIQUIDLINE LIMITED","Faster Payment",144.01,"SPACE MADE GROUP L","SPACE MADE GROUP LSI-784029         DF2531811857186600203206     40     14NOV25 05:00     ",345604.70
14/11/2025,309455-45002268 GBP,"LIQUIDLINE LIMITED","CHAPS or International Payment",238.25,"AXON PUBLIC","F/FLOW AXON PUBLICSI-785645         ",345842.95
14/11/2025,309455-45002268 GBP,"LIQUIDLINE LIMITED","Faster Payment",352.66,"LONDON PREMIER CEN","LONDON PREMIER CENINVOICE SI-794916 REV631097752208003040075     10     14NOV25 08:42     ",346195.61
14/11/2025,309455-45002268 GBP,"LIQUIDLINE LIMITED","Faster Payment",1024.88,"SOURCE OFFICE SU  ","SOURCE OFFICE SU  SOURCE            RP4679964603921900201699     10     14NOV25 08:52     ",347220.49
14/11/2025,309455-45002268 GBP,"LIQUIDLINE LIMITED","Faster Payment",139.64,"BA ME LTD T A NC  ","BA ME LTD T/A NC  ACOUNT 16143      RP4679964609842000202646     10     14NOV25 09:22     ",347360.13
14/11/2025,309455-45002268 GBP,"LIQUIDLINE LIMITED","Faster Payment",54.43,"JOSEPH PROPERTY RE","JOSEPH PROPERTY RE14791             000000FT25318YZ7ZQ230580     10     14NOV25 09:22     ",347414.56
14/11/2025,309455-45002268 GBP,"LIQUIDLINE LIMITED","Faster Payment",157.08,"BA ME LTD T A NC  ","BA ME LTD T/A NC  ACOUNT 10113      RP4679964610007400202646     10     14NOV25 09:22     ",347571.64
14/11/2025,309455-45002268 GBP,"LIQUIDLINE LIMITED","Faster Payment",139.64,"BA ME LTD T A NC  ","BA ME LTD T/A NC  ACOUNT 23534      RP4679964610177400202646     10     14NOV25 09:23     ",347711.28
14/11/2025,309455-45002268 GBP,"LIQUIDLINE LIMITED","Faster Payment",365.01,"DECANT GROUP LIMIT","DECANT GROUP LIMITSI785190          REV631124627133339230120     10     14NOV25 09:27     ",348076.29
14/11/2025,309455-45002268 GBP,"LIQUIDLINE LIMITED","Faster Payment",204.00,"DECANT GROUP LIMIT","DECANT GROUP LIMITSI786231          REV631124631943345230120     10     14NOV25 09:27     ",348280.29
14/11/2025,309455-45002268 GBP,"LIQUIDLINE LIMITED","Faster Payment",118.56,"RE TRAIN A C      ","RE TRAIN A/C      21778             RP4679964615036800201995     10     14NOV25 09:47     ",348398.85
14/11/2025,309455-45002268 GBP,"LIQUIDLINE LIMITED","CHAPS or International Payment",844.50,"HARVEY NICH","F/FLOW HARVEY NICHVARIOUS INVOICES HARVEY NICHOLS     ",349243.35
14/11/2025,309455-45002268 GBP,"LIQUIDLINE LIMITED","Faster Payment",58896.11,"TOWER LEASING LIMI","TOWER LEASING LIMI60242190032306    14095400219977000N602421     10     14NOV25 09:54     ",408139.46
14/11/2025,309455-45002268 GBP,"LIQUIDLINE LIMITED","Faster Payment",1304.76,"TLB CONSULTANCY LT","TLB CONSULTANCY LTTLB               000000FT25318DW11F230580     10     14NOV25 09:54     ",409444.22
14/11/2025,309455-45002268 GBP,"LIQUIDLINE LIMITED","Faster Payment",505.68,"IMPELLAM HOLDINGS ","IMPELLAM HOLDINGS IHL1-000405       000000040286923301200000     50     14NOV25 09:55     ",409949.90
14/11/2025,309455-45002268 GBP,"LIQUIDLINE LIMITED","Faster Payment",252.39,"MON MOTORS LIMITED","MON MOTORS LIMITEDSI-770376         600000001663978868309249     10     14NOV25 10:11     ",410202.29
14/11/2025,309455-45002268 GBP,"LIQUIDLINE LIMITED","Faster Payment",370.62,"ELECTIVA MANC     ","ELECTIVA MANC     INV SI-767301     BX2511145984533700205558     10     14NOV25 10:13     ",410572.91
14/11/2025,309455-45002268 GBP,"LIQUIDLINE LIMITED","Faster Payment",816.04,"VERTUS SERVICED AP","VERTUS SERVICED APSC-225369,SI-72891PH737W5QO8WDQYJ700200000     40     14NOV25 10:24     ",411388.95
14/11/2025,309455-45002268 GBP,"LIQUIDLINE LIMITED","Faster Payment",268.60,"CANARY WHARF RESID","CANARY WHARF RESIDSI-762789         PH737VHWZJODQYL700200000     40     14NOV25 10:24     ",411657.55
14/11/2025,309455-45002268 GBP,"LIQUIDLINE LIMITED","Faster Payment",328.80,"VERTUS RESIDENTIAL","VERTUS RESIDENTIALSI-785326         PH737W5BXPADQYDQ00200000     40     14NOV25 10:24     ",411986.35
14/11/2025,309455-45002268 GBP,"LIQUIDLINE LIMITED","Faster Payment",154.89,"CANARY WHARF RESID","CANARY WHARF RESIDSI-783507         PH737VZAVKZDQYFX00200000     40     14NOV25 10:24     ",412141.24
14/11/2025,309455-45002268 GBP,"LIQUIDLINE LIMITED","Faster Payment",227.33,"CANARY WHARF RESID","CANARY WHARF RESIDSI-781553         PH737VHTZRMDQYEG00200000     40     14NOV25 10:24     ",412368.57
14/11/2025,309455-45002268 GBP,"LIQUIDLINE LIMITED","Faster Payment",409.17,"ZUORA INC         ","ZUORA INC         XP3752694630926473185008     10     14NOV25 10:42     ",412777.74
14/11/2025,309455-45002268 GBP,"LIQUIDLINE LIMITED","Faster Payment",269.72,"ACA MERC BENZ INVE","ACA/MERC BENZ INVE4808              57104517048723000R832127     10     14NOV25 10:45     ",413047.46
14/11/2025,309455-45002268 GBP,"LIQUIDLINE LIMITED","Faster Payment",380.03,"ACA ARMADALE      ","ACA/ARMADALE      20895             39104517632865000R832127     10     14NOV25 10:45     ",413427.49
14/11/2025,309455-45002268 GBP,"LIQUIDLINE LIMITED","Faster Payment",821.63,"ACA ABERDEEN HYUND","ACA/ABERDEEN HYUNDA/C 4182          03104518196899000R832127     10     14NOV25 10:45     ",414249.12
14/11/2025,309455-45002268 GBP,"LIQUIDLINE LIMITED","Faster Payment",548.51,"ACA ABERDEEN MG   ","ACA/ABERDEEN MG   4483              09104518522843000R832127     10     14NOV25 10:45     ",414797.63
14/11/2025,309455-45002268 GBP,"LIQUIDLINE LIMITED","Faster Payment",925.44,"SUPPORTING EDUCATI","SUPPORTING EDUCATISUPPORTING EDUCATI200000001660223499301553     10     14NOV25 10:47     ",415723.07
14/11/2025,309455-45002268 GBP,"LIQUIDLINE LIMITED","Faster Payment",174.00,"CENT BNK APDO SCO ","CENT BNK APDO SCO 22033/SI-766667   40104746953841000R831847     10     14NOV25 10:47     ",415897.07
14/11/2025,309455-45002268 GBP,"LIQUIDLINE LIMITED","Faster Payment",188.89,"O'SARRACINO CAFE L","O'SARRACINO CAFE L795031            100000001655073756309950     10     14NOV25 11:06     ",416085.96
14/11/2025,309455-45002268 GBP,"LIQUIDLINE LIMITED","Faster Payment",3273.51,"GTC INFRASTRUCTURE","GTC INFRASTRUCTURENO REF            MF0009465391012000200000     10     14NOV25 11:12     ",419359.47
14/11/2025,309455-45002268 GBP,"LIQUIDLINE LIMITED","CHAPS or International Payment",810.90,"1 LUMEN TEC","F/FLOW 1/LUMEN TECV251114B61664469  MULTIPLE          ",420170.37
14/11/2025,309455-45002268 GBP,"LIQUIDLINE LIMITED","Faster Payment",731.78,"PFA               ","PFA               GEN141125         34114014345703000R160018     10     14NOV25 11:40     ",420902.15
14/11/2025,309455-45002268 GBP,"LIQUIDLINE LIMITED","Faster Payment",491.64,"QUANTSPARK LIMITED","QUANTSPARK LIMITEDSI-771150         aa634b384cb549ca87040473     10     14NOV25 11:57     ",421393.79
14/11/2025,309455-45002268 GBP,"LIQUIDLINE LIMITED","Faster Payment",171.64,"ROSSDALES LIMITED ","ROSSDALES LIMITED ROSSDALES LIMITED 09122636221551000N606005     40     14NOV25 12:26     ",421565.43
14/11/2025,309455-45002268 GBP,"LIQUIDLINE LIMITED","Faster Payment",463.57,"LISA N GIRLS LTD L","LISA N GIRLS LTD L11393             CBBPI1302435867131821974     10     14NOV25 13:02     ",422029.00
14/11/2025,309455-45002268 GBP,"LIQUIDLINE LIMITED","Faster Payment",32.24,"XEINADIN SE       ","XEINADIN SE       HEYLA001 - SI-7928MF0011465392086600205558     10     14NOV25 13:40     ",422061.24
14/11/2025,309455-45002268 GBP,"LIQUIDLINE LIMITED","Faster Payment",4000.00,"MISS S A BI       ","MISS S A BI       000000000372378767089249     10     14NOV25 13:52     ",426061.24
14/11/2025,309455-45002268 GBP,"LIQUIDLINE LIMITED","Faster Payment",876.74,"TUSKERDIRECT LIMIT","TUSKERDIRECT LIMITSI-793760 SI-79351300000001667791122308012     10     14NOV25 14:00     ",426937.98
14/11/2025,309455-45002268 GBP,"LIQUIDLINE LIMITED","Faster Payment",366.79,"INCHCAPE MANAGEM  ","INCHCAPE MANAGEM  20251001/SI-77932945144520246794000N500000     40     14NOV25 14:45     ",427304.77
14/11/2025,309455-45002268 GBP,"LIQUIDLINE LIMITED","Faster Payment",4272.22,"YESSS (B) ELECTRIC","YESSS (B) ELECTRICBACS141125        37144525580825000N606005     40     14NOV25 14:45     ",431576.99
14/11/2025,309455-45002268 GBP,"LIQUIDLINE LIMITED","Faster Payment",829.77,"ACA LINWOOD MOTORS","ACA/LINWOOD MOTORS4395              63144540825722000R832127     10     14NOV25 14:45     ",432406.76
14/11/2025,309455-45002268 GBP,"LIQUIDLINE LIMITED","Faster Payment",460.48,"ACA PERTH VAUXHALL","ACA/PERTH VAUXHALL4485              21144540882331000R832127     10     14NOV25 14:45     ",432867.24
14/11/2025,309455-45002268 GBP,"LIQUIDLINE LIMITED","Faster Payment",313.74,"ACA SIGHIHILL MSTO","ACA/SIGHIHILL MSTO4499              04144541036299000R832127     10     14NOV25 14:45     ",433180.98
14/11/2025,309455-45002268 GBP,"LIQUIDLINE LIMITED","Faster Payment",596.37,"ACA LINWOOD VAUXHA","ACA/LINWOOD VAUXHAAC LIN VAUX       05144541080112000R832127     10     14NOV25 14:45     ",433777.35
14/11/2025,309455-45002268 GBP,"LIQUIDLINE LIMITED","Faster Payment",742.32,"ACA CLICK & COLLEC","ACA/CLICK & COLLEC13090 6342        36144541698257000R832127     10     14NOV25 14:45     ",434519.67
14/11/2025,309455-45002268 GBP,"LIQUIDLINE LIMITED","Faster Payment",523.96,"ACA FALKIRK FIAT  ","ACA/FALKIRK FIAT  4745              21144541693038000R832127     10     14NOV25 14:45     ",435043.63
14/11/2025,309455-45002268 GBP,"LIQUIDLINE LIMITED","Faster Payment",213.29,"CCCH7             ","CCCH7             709168            MF0021465391D53800207718     10     14NOV25 14:48     ",435256.92
14/11/2025,309455-45002268 GBP,"LIQUIDLINE LIMITED","Faster Payment",662.49,"COUNTRY CCH LTD   ","COUNTRY CCH LTD   708956            MF0015465391D0C100207718     10     14NOV25 14:48     ",435919.41
14/11/2025,309455-45002268 GBP,"LIQUIDLINE LIMITED","Faster Payment",445.22,"COUNTRY CCH3 OP LT","COUNTRY CCH3 OP LT708879            MF0031465391D52A00207718     10     14NOV25 14:48     ",436364.63
14/11/2025,309455-45002268 GBP,"LIQUIDLINE LIMITED","Faster Payment",1436.21,"COUNTRY CC HOM 2 L","COUNTRY CC HOM 2 L709042            MF0052465391D11400207718     10     14NOV25 14:48     ",437800.84
14/11/2025,309455-45002268 GBP,"LIQUIDLINE LIMITED","Faster Payment",134.86,"ACA SIGHTHILL CITR","ACA SIGHTHILL CITR6040              45144924496592000R832127     10     14NOV25 14:49     ",437935.70
14/11/2025,309455-45002268 GBP,"LIQUIDLINE LIMITED","Faster Payment",231.78,"CCCH15 OPCO LTD   ","CCCH15 OPCO LTD   709277            MF0005465391DCE900207718     10     14NOV25 14:50     ",438167.48
14/11/2025,309455-45002268 GBP,"LIQUIDLINE LIMITED","Faster Payment",100.60,"CCCH 11 OPCO      ","CCCH 11 OPCO      709237            MF0002465391DCF300207718     10     14NOV25 14:50     ",438268.08
14/11/2025,309455-45002268 GBP,"LIQUIDLINE LIMITED","Faster Payment",162.99,"CCCH10 LTD        ","CCCH10 LTD        709210            MF0020465391D42600207718     10     14NOV25 14:50     ",438431.07
14/11/2025,309455-45002268 GBP,"LIQUIDLINE LIMITED","Faster Payment",1037.72,"CCCH 14  LTD GENER","CCCH 14  LTD GENER709255            MF0017465391D55E00207718     10     14NOV25 14:50     ",439468.79
14/11/2025,309455-45002268 GBP,"LIQUIDLINE LIMITED","Faster Payment",697.89,"REPAIRRITE L      ","REPAIRRITE L      ACC 16338         917620405151411101401027     10     14NOV25 15:15     ",440166.68
14/11/2025,309455-45002268 GBP,"LIQUIDLINE LIMITED","CHAPS or International Payment",4440.87,"CUSHMAN AND","F/FLOW CUSHMAN ANDDPE  URI/SI-767022",444607.55
14/11/2025,309455-45002268 GBP,"LIQUIDLINE LIMITED","Faster Payment",236.80,"HARMONY NEW ENERGY","HARMONY NEW ENERGYSI-792928         40378061755152F7SW405037     10     14NOV25 15:57     ",444844.35
14/11/2025,309455-45002268 GBP,"LIQUIDLINE LIMITED","Faster Payment",20.40,"PARTS BIRMINGHAM  ","PARTS BIRMINGHAM  SI-792546         MF0007465391D20A00205942     10     14NOV25 16:23     ",444864.75
14/11/2025,309455-45002268 GBP,"LIQUIDLINE LIMITED","Faster Payment",174.00,"RADIANT POST      ","RADIANT POST      8209336325614111HN400329     10     14NOV25 16:52     ",445038.75
14/11/2025,309455-45002268 GBP,"LIQUIDLINE LIMITED","Faster Payment",90.00,"CATHEDRAL SIGNS LT","CATHEDRAL SIGNS LTCATHEDRAL SIGNS   57165934563824000N600524     10     14NOV25 16:59     ",445128.75
14/11/2025,309455-45002268 GBP,"LIQUIDLINE LIMITED","Faster Payment",1202.40,"BROC HAL  HO LTD F","BROC HAL  HO LTD FNO REF            MF0010465391D0E200201893     10     14NOV25 17:23     ",446331.15
14/11/2025,309455-45002268 GBP,"LIQUIDLINE LIMITED","Faster Payment",20.40,"BRIDGWATER        ","BRIDGWATER        SI-758795 VERTU BMBX2511145987237200205942     10     14NOV25 17:40     ",446351.55
14/11/2025,309455-45002268 GBP,"LIQUIDLINE LIMITED","Faster Payment",865.58,"PAUL RIGBY LIMITED","PAUL RIGBY LIMITEDPAUL RIGBY LTD    00150469632BDGDTWH090720     40     14NOV25 17:42     ",447217.13
14/11/2025,309455-45002268 GBP,"LIQUIDLINE LIMITED","Faster Payment",2613.88,"ALMACK LTD        ","ALMACK LTD        SI-775375...SI-756SWF253181879582400203253     10     14NOV25 17:44     ",449831.01
14/11/2025,309455-45002268 GBP,"LIQUIDLINE LIMITED","Faster Payment",948.15,"GREEN STREET ADVIS","GREEN STREET ADVISACC 15450         131666240024157VAH400530     40     14NOV25 20:04     ",450779.16
14/11/2025,309455-45002268 GBP,"LIQUIDLINE LIMITED","Sweeping",3582.75,,"FROM30788313547260",454361.91
14/11/2025,309455-45002268 GBP,"LIQUIDLINE LIMITED","Closing Ledger",454361.91,,,454361.91