Post Date,Account Number,Account Name,Type,Amount,Customer Reference,Transaction Detail,Balance
21/11/2025,309455-45002268 GBP,"LIQUIDLINE LIMITED","Opening Ledger",887368.10,,,887368.10
21/11/2025,309455-45002268 GBP,"LIQUIDLINE LIMITED","Faster Payment",414.79,"FTI CONSULTING LLP","FTI CONSULTING LLPSI-794931 SC-2257859000217092559000N500000     40     21NOV25 00:02     ",887782.89
21/11/2025,309455-45002268 GBP,"LIQUIDLINE LIMITED","Bank Giro Credit",68.04,"CVSUK             ","CVS UK LIMITED    CVSUK             ",887850.93
21/11/2025,309455-45002268 GBP,"LIQUIDLINE LIMITED","Bank Giro Credit",92.16,,"ENVIRONMENTAL RESO",887943.09
21/11/2025,309455-45002268 GBP,"LIQUIDLINE LIMITED","Bank Giro Credit",92.28,"TRAXD1338840 21937","COFRA LONDON LIMITTRAXD1338840 21937",888035.37
21/11/2025,309455-45002268 GBP,"LIQUIDLINE LIMITED","Bank Giro Credit",95.39,"BANK163 6         ","CINCH CARS LIMITEDBANK163/6         ",888130.76
21/11/2025,309455-45002268 GBP,"LIQUIDLINE LIMITED","Bank Giro Credit",96.92,"0                 ","THE CROWN ESTATE  0                 ",888227.68
21/11/2025,309455-45002268 GBP,"LIQUIDLINE LIMITED","Bank Giro Credit",121.37,"LIQLIN001         ","FREIGHTLINER LTD  LIQLIN001         ",888349.05
21/11/2025,309455-45002268 GBP,"LIQUIDLINE LIMITED","Bank Giro Credit",123.64,"SI-770108         ","CONSORTIUM TRUST  SI-770108         ",888472.69
21/11/2025,309455-45002268 GBP,"LIQUIDLINE LIMITED","Bank Giro Credit",124.66,"REIGATE GRAMMAR   ","REIGATE GRAMMAR SCREIGATE GRAMMAR   ",888597.35
21/11/2025,309455-45002268 GBP,"LIQUIDLINE LIMITED","Bank Giro Credit",142.10,,"BRODERICK GROUP L ",888739.45
21/11/2025,309455-45002268 GBP,"LIQUIDLINE LIMITED","Bank Giro Credit",151.78,"SI-795596         ","JULIUS BAER INTL LSI-795596         ",888891.23
21/11/2025,309455-45002268 GBP,"LIQUIDLINE LIMITED","Bank Giro Credit",166.13,"17890 OCT25       ","MOTEST SOUTHERN LI17890 OCT25       ",889057.36
21/11/2025,309455-45002268 GBP,"LIQUIDLINE LIMITED","Bank Giro Credit",173.22,"SANDLES 13436     ","SANDLES LTD       SANDLES 13436     ",889230.58
21/11/2025,309455-45002268 GBP,"LIQUIDLINE LIMITED","Bank Giro Credit",174.00,"23189             ","DUNLOP HEYWOOD    23189             ",889404.58
21/11/2025,309455-45002268 GBP,"LIQUIDLINE LIMITED","Bank Giro Credit",174.00,"4001 0002053786 K ","BAM NUTTALL LTD   4001 0002053786 K ",889578.58
21/11/2025,309455-45002268 GBP,"LIQUIDLINE LIMITED","Bank Giro Credit",178.30,"SI-785307         ","RIG L LTD         SI-785307         ",889756.88
21/11/2025,309455-45002268 GBP,"LIQUIDLINE LIMITED","Bank Giro Credit",179.09,"20718             ","QUAY GARAGE COMPAN20718             ",889935.97
21/11/2025,309455-45002268 GBP,"LIQUIDLINE LIMITED","Bank Giro Credit",182.29,"SFM -LIQUIDLINE LI","UK - OCS M E SERVISFM -LIQUIDLINE LI",890118.26
21/11/2025,309455-45002268 GBP,"LIQUIDLINE LIMITED","Bank Giro Credit",188.11,"SI-789356         ","SPECIALIST RISK GRSI-789356         ",890306.37
21/11/2025,309455-45002268 GBP,"LIQUIDLINE LIMITED","Bank Giro Credit",200.25,,"PD PORTS SERVICES ",890506.62
21/11/2025,309455-45002268 GBP,"LIQUIDLINE LIMITED","Bank Giro Credit",205.12,"2000168968        ","RED BULL CO. LTD  2000168968        ",890711.74
21/11/2025,309455-45002268 GBP,"LIQUIDLINE LIMITED","Bank Giro Credit",206.30,"SI-785652         ","THE GYM LIMITED   SI-785652         ",890918.04
21/11/2025,309455-45002268 GBP,"LIQUIDLINE LIMITED","Bank Giro Credit",214.66,"SI-785764         ","MATTEL UK LTD     SI-785764         ",891132.70
21/11/2025,309455-45002268 GBP,"LIQUIDLINE LIMITED","Bank Giro Credit",232.81,"EUK PR211125 05   ","ENVISAGE DENTAL UKEUK PR211125 05   ",891365.51
21/11/2025,309455-45002268 GBP,"LIQUIDLINE LIMITED","Bank Giro Credit",236.92,"BACS REMITTANCE PL","AUDI LEICESTER    BACS REMITTANCE PL",891602.43
21/11/2025,309455-45002268 GBP,"LIQUIDLINE LIMITED","Bank Giro Credit",239.01,"SI-793112         ","GROSVENOR ESTATE  SI-793112         ",891841.44
21/11/2025,309455-45002268 GBP,"LIQUIDLINE LIMITED","Bank Giro Credit",250.32,"SI784653          ","EXOLUM EASTHAM    SI784653          ",892091.76
21/11/2025,309455-45002268 GBP,"LIQUIDLINE LIMITED","Bank Giro Credit",254.64,"SI-782507         ","COSTELLO MED CON LSI-782507         ",892346.40
21/11/2025,309455-45002268 GBP,"LIQUIDLINE LIMITED","Bank Giro Credit",259.24,"7613203           ","RPS CONSULTING SER7613203           ",892605.64
21/11/2025,309455-45002268 GBP,"LIQUIDLINE LIMITED","Bank Giro Credit",270.26,"SI-786438         ","LCC ACCTS PAYABLE SI-786438         ",892875.90
21/11/2025,309455-45002268 GBP,"LIQUIDLINE LIMITED","Bank Giro Credit",280.80,"HEX BACS          ","RM CURTIS AND CO LHEX BACS          ",893156.70
21/11/2025,309455-45002268 GBP,"LIQUIDLINE LIMITED","Bank Giro Credit",321.98,"BACS REMITTANCE PL","S&Y LIVERPOOL     BACS REMITTANCE PL",893478.68
21/11/2025,309455-45002268 GBP,"LIQUIDLINE LIMITED","Bank Giro Credit",332.28,"2511132           ","WARNER LEISURE HOT2511132           ",893810.96
21/11/2025,309455-45002268 GBP,"LIQUIDLINE LIMITED","Bank Giro Credit",332.50,"SI-786368         ","GOODMAN JONES OFFISI-786368         ",894143.46
21/11/2025,309455-45002268 GBP,"LIQUIDLINE LIMITED","Bank Giro Credit",352.58,"112871            ","EUROSTAR PAY ACC  112871            ",894496.04
21/11/2025,309455-45002268 GBP,"LIQUIDLINE LIMITED","Bank Giro Credit",360.06,"NEWMARKET HD      ","LIND US LIMITED   NEWMARKET HD      ",894856.10
21/11/2025,309455-45002268 GBP,"LIQUIDLINE LIMITED","Bank Giro Credit",360.84,"LLOYDS TSB        ","BRIGHTSIDE PRIMARYLLOYDS TSB        ",895216.94
21/11/2025,309455-45002268 GBP,"LIQUIDLINE LIMITED","Bank Giro Credit",365.80,"CHARTERS 12195    ","CHARTERS OF ALDERSCHARTERS 12195    ",895582.74
21/11/2025,309455-45002268 GBP,"LIQUIDLINE LIMITED","Bank Giro Credit",369.11,"HLIQU010          ","NASUWT            HLIQU010          ",895951.85
21/11/2025,309455-45002268 GBP,"LIQUIDLINE LIMITED","Bank Giro Credit",440.17,"LIQUIDLINE LTD    ","HANSON QUARRY PRODLIQUIDLINE LTD    ",896392.02
21/11/2025,309455-45002268 GBP,"LIQUIDLINE LIMITED","Bank Giro Credit",446.94,"80004730          ","UNILMMO DEUTSCHLAN80004730          ",896838.96
21/11/2025,309455-45002268 GBP,"LIQUIDLINE LIMITED","Bank Giro Credit",449.68,"HEX BACS          ","AMALGAMATED METAL HEX BACS          ",897288.64
21/11/2025,309455-45002268 GBP,"LIQUIDLINE LIMITED","Bank Giro Credit",457.12,"BACS REMITTANCE PL","S&Y BRISTOL       BACS REMITTANCE PL",897745.76
21/11/2025,309455-45002268 GBP,"LIQUIDLINE LIMITED","Bank Giro Credit",475.27,"MOTORRAD WELWYN GC","LIND MOTORRAD LIMIMOTORRAD WELWYN GC",898221.03
21/11/2025,309455-45002268 GBP,"LIQUIDLINE LIMITED","Bank Giro Credit",499.33,"PAYMENT TO VENDOR ","QUALASEPT LTD     PAYMENT TO VENDOR ",898720.36
21/11/2025,309455-45002268 GBP,"LIQUIDLINE LIMITED","Bank Giro Credit",499.96,"ST EDMUNDS COLLEGE","ST ED S MAIN ACC BST EDMUNDS COLLEGE",899220.32
21/11/2025,309455-45002268 GBP,"LIQUIDLINE LIMITED","Bank Giro Credit",504.00,"AVONREACH TRUST   ","AVONREACH ACADEMY AVONREACH TRUST   ",899724.32
21/11/2025,309455-45002268 GBP,"LIQUIDLINE LIMITED","Bank Giro Credit",589.23,"SINC JLR CARDIFF  ","JLR CARDIFF       SINC JLR CARDIFF  ",900313.55
21/11/2025,309455-45002268 GBP,"LIQUIDLINE LIMITED","Bank Giro Credit",630.81,"SI-789314         ","SPECIALIST RISK GRSI-789314         ",900944.36
21/11/2025,309455-45002268 GBP,"LIQUIDLINE LIMITED","Bank Giro Credit",636.85,"LIQ001            ","LUCY CAVENDISH   BLIQ001            ",901581.21
21/11/2025,309455-45002268 GBP,"LIQUIDLINE LIMITED","Bank Giro Credit",668.12,"LIQU1             ","BLPS LIMITED      LIQU1             ",902249.33
21/11/2025,309455-45002268 GBP,"LIQUIDLINE LIMITED","Bank Giro Credit",713.95,,"MUFG RETRMNT SOLN ",902963.28
21/11/2025,309455-45002268 GBP,"LIQUIDLINE LIMITED","Bank Giro Credit",721.04,"SI-786230         ","ICF CONSULTING SERSI-786230         ",903684.32
21/11/2025,309455-45002268 GBP,"LIQUIDLINE LIMITED","Bank Giro Credit",754.74,"SI-785723         ","SPECIALIST RISK GRSI-785723         ",904439.06
21/11/2025,309455-45002268 GBP,"LIQUIDLINE LIMITED","Bank Giro Credit",772.99,"BACS REMITTANCE PL","VINES LIMITED     BACS REMITTANCE PL",905212.05
21/11/2025,309455-45002268 GBP,"LIQUIDLINE LIMITED","Bank Giro Credit",787.19,"023859            ","ICMP MANAGEMENT LI023859            ",905999.24
21/11/2025,309455-45002268 GBP,"LIQUIDLINE LIMITED","Bank Giro Credit",810.54,"SI-790287         ","ANGLO AMERICAN EDUSI-790287         ",906809.78
21/11/2025,309455-45002268 GBP,"LIQUIDLINE LIMITED","Bank Giro Credit",829.68,"SI-794595 SI-79655","ARK SYNDICATE MANASI-794595 SI-79655",907639.46
21/11/2025,309455-45002268 GBP,"LIQUIDLINE LIMITED","Bank Giro Credit",848.26,"505967620         ","CARDNET  505967620505967620         ",908487.72
21/11/2025,309455-45002268 GBP,"LIQUIDLINE LIMITED","Bank Giro Credit",870.24,,"CORNERSTONE T I LT",909357.96
21/11/2025,309455-45002268 GBP,"LIQUIDLINE LIMITED","Bank Giro Credit",889.24,"REQ               ","PRACTICE PLUS GROUREQ               ",910247.20
21/11/2025,309455-45002268 GBP,"LIQUIDLINE LIMITED","Bank Giro Credit",946.74,,"RBC LONDON BRANCH ",911193.94
21/11/2025,309455-45002268 GBP,"LIQUIDLINE LIMITED","Bank Giro Credit",980.87,"PENTAGON LINCOLN  ","LINCOLNVAUXCURR   PENTAGON LINCOLN  ",912174.81
21/11/2025,309455-45002268 GBP,"LIQUIDLINE LIMITED","Bank Giro Credit",985.00,"00001192 12       ","VIRGIN MANAGEMENT 00001192/12       ",913159.81
21/11/2025,309455-45002268 GBP,"LIQUIDLINE LIMITED","Bank Giro Credit",994.30,"770909  771443  71","BOKU NETWORK SERVI770909  771443  71",914154.11
21/11/2025,309455-45002268 GBP,"LIQUIDLINE LIMITED","Bank Giro Credit",994.52,"THE SECKFORD FOUND","SECKFORD FOUND    THE SECKFORD FOUND",915148.63
21/11/2025,309455-45002268 GBP,"LIQUIDLINE LIMITED","Bank Giro Credit",1014.86,"LIQ003-001        ","DAC BEACHCROFT SERLIQ003-001        ",916163.49
21/11/2025,309455-45002268 GBP,"LIQUIDLINE LIMITED","Bank Giro Credit",1028.88,"SI-782827         ","ANTECH DIAGNOSTICSSI-782827         ",917192.37
21/11/2025,309455-45002268 GBP,"LIQUIDLINE LIMITED","Bank Giro Credit",1030.98,"SI-788204         ","SPECIALIST RISK GRSI-788204         ",918223.35
21/11/2025,309455-45002268 GBP,"LIQUIDLINE LIMITED","Bank Giro Credit",1032.52,"18324             ","MOTORPARKS AUTOMOB18324             ",919255.87
21/11/2025,309455-45002268 GBP,"LIQUIDLINE LIMITED","Bank Giro Credit",1074.00,"SI-784075         ","TRADINGHUB LTD    SI-784075         ",920329.87
21/11/2025,309455-45002268 GBP,"LIQUIDLINE LIMITED","Bank Giro Credit",1088.55,"BOA UK PSA1       ","UK STANTEC CONSULTBOA UK PSA1       ",921418.42
21/11/2025,309455-45002268 GBP,"LIQUIDLINE LIMITED","Bank Giro Credit",1171.43,"KLIQ1             ","CLARE COLLEGE     KLIQ1             ",922589.85
21/11/2025,309455-45002268 GBP,"LIQUIDLINE LIMITED","Bank Giro Credit",1252.14,,"THURLOW NUNN LIMI ",923841.99
21/11/2025,309455-45002268 GBP,"LIQUIDLINE LIMITED","Bank Giro Credit",1433.87,"BERENDSEN UK LTD P","ELIS UK           BERENDSEN UK LTD P",925275.86
21/11/2025,309455-45002268 GBP,"LIQUIDLINE LIMITED","Bank Giro Credit",1466.21,"2748699 SI-78696  ","TRIMBLE UK LTD    2748699/SI-78696  ",926742.07
21/11/2025,309455-45002268 GBP,"LIQUIDLINE LIMITED","Bank Giro Credit",1498.53,"SI787264-SI788064 ","AMERICAN AIRLINES SI787264-SI788064 ",928240.60
21/11/2025,309455-45002268 GBP,"LIQUIDLINE LIMITED","Bank Giro Credit",1564.76,"125681            ","MACRO GROUP LIMITE125681            ",929805.36
21/11/2025,309455-45002268 GBP,"LIQUIDLINE LIMITED","Bank Giro Credit",1564.99,"17707             ","BROADHALL  C W  LT17707             ",931370.35
21/11/2025,309455-45002268 GBP,"LIQUIDLINE LIMITED","Bank Giro Credit",1569.92,"506126572         ","CARDNET  506126572506126572         ",932940.27
21/11/2025,309455-45002268 GBP,"LIQUIDLINE LIMITED","Bank Giro Credit",1907.06,"1153203836        ","LINNAEUS VETERINAR1153203836        ",934847.33
21/11/2025,309455-45002268 GBP,"LIQUIDLINE LIMITED","Bank Giro Credit",1969.22,"1100 2000006138 K ","R TWINING AND COMP1100 2000006138 K ",936816.55
21/11/2025,309455-45002268 GBP,"LIQUIDLINE LIMITED","Bank Giro Credit",2151.62,"GROUP 1 JLR       ","GROUP1 RETAIL     GROUP 1 JLR       ",938968.17
21/11/2025,309455-45002268 GBP,"LIQUIDLINE LIMITED","Bank Giro Credit",2324.29,"SAVILLS-B808651   ","SAVILLS UK LTD    SAVILLS-B808651   ",941292.46
21/11/2025,309455-45002268 GBP,"LIQUIDLINE LIMITED","Bank Giro Credit",2579.52,"PL100420780685    ","EPC GBP          BPL100420780685    ",943871.98
21/11/2025,309455-45002268 GBP,"LIQUIDLINE LIMITED","Bank Giro Credit",2636.49,,"DFS TRADING LTD   ",946508.47
21/11/2025,309455-45002268 GBP,"LIQUIDLINE LIMITED","Bank Giro Credit",2868.29,"021236 - HAILEYBUR","HAILEYBURY COLLEGE021236 - HAILEYBUR",949376.76
21/11/2025,309455-45002268 GBP,"LIQUIDLINE LIMITED","Bank Giro Credit",3918.07,"00013948UK60      ","GB-OCS GROUP UK LI00013948UK60      ",953294.83
21/11/2025,309455-45002268 GBP,"LIQUIDLINE LIMITED","Bank Giro Credit",4684.75,"JNB000462480 SI-78","IW G     S        JNB000462480 SI-78",957979.58
21/11/2025,309455-45002268 GBP,"LIQUIDLINE LIMITED","Bank Giro Credit",5138.06,"SI-789361  SI-7893","LAND SECURITIES PRSI-789361  SI-7893",963117.64
21/11/2025,309455-45002268 GBP,"LIQUIDLINE LIMITED","Bank Giro Credit",6593.42," LIQ01            ","DOWNING COLLEGE    LIQ01            ",969711.06
21/11/2025,309455-45002268 GBP,"LIQUIDLINE LIMITED","Bank Giro Credit",7051.64,"REQ               ","WT UK OPCO 4 LTD  REQ               ",976762.70
21/11/2025,309455-45002268 GBP,"LIQUIDLINE LIMITED","Bank Giro Credit",7069.44,"3800002032        ","SUBSEA7  UK SERVIC3800002032        ",983832.14
21/11/2025,309455-45002268 GBP,"LIQUIDLINE LIMITED","Bank Giro Credit",8894.79,,"CARE UK COMMUNITY ",992726.93
21/11/2025,309455-45002268 GBP,"LIQUIDLINE LIMITED","Bank Giro Credit",9028.57,"AC 8215           ","CELT MAN RES LTD  AC 8215           ",1001755.50
21/11/2025,309455-45002268 GBP,"LIQUIDLINE LIMITED","Bank Giro Credit",10506.00,,"GTC INFRASTRUCTURE",1012261.50
21/11/2025,309455-45002268 GBP,"LIQUIDLINE LIMITED","Bank Giro Credit",11120.69,"SI-789420 2025-10-","THE MATHWORKS LIMISI-789420 2025-10-",1023382.19
21/11/2025,309455-45002268 GBP,"LIQUIDLINE LIMITED","Bank Giro Credit",38843.04,"2960              ","GREAT PORTLAND EST2960              ",1062225.23
21/11/2025,309455-45002268 GBP,"LIQUIDLINE LIMITED","Direct Debit or Bacs Payment",-128.52,"LIQUIDGIN         ","FFFN              LIQUIDGIN         ",1062096.71
21/11/2025,309455-45002268 GBP,"LIQUIDLINE LIMITED","Direct Debit or Bacs Payment",-357.97,"6HVJ7CA           ","GOODNUS           6HVJ7CA           ",1061738.74
21/11/2025,309455-45002268 GBP,"LIQUIDLINE LIMITED","Direct Debit or Bacs Payment",-494.75,"367661-53392A028D2","TOWERLEASING      367661-53392A028D2",1061243.99
21/11/2025,309455-45002268 GBP,"LIQUIDLINE LIMITED","Direct Debit or Bacs Payment",-500.00,"32712746GURTEZ82HJ","GOOGLE IRELAND LTD32712746GURTEZ82HJ",1060743.99
21/11/2025,309455-45002268 GBP,"LIQUIDLINE LIMITED","Direct Debit or Bacs Payment",-500.00,"32712746G2T1R3143E","GOOGLE IRELAND LTD32712746G2T1R3143E",1060243.99
21/11/2025,309455-45002268 GBP,"LIQUIDLINE LIMITED","Direct Debit or Bacs Payment",-801.82,"A-A1147A2B-001    ","EDF ENERGY        A-A1147A2B-001    ",1059442.17
21/11/2025,309455-45002268 GBP,"LIQUIDLINE LIMITED","Direct Debit or Bacs Payment",-900.00,"UNITEDKINGDO-JBWYY","GOCARDLESS        UNITEDKINGDO-JBWYY",1058542.17
21/11/2025,309455-45002268 GBP,"LIQUIDLINE LIMITED","Direct Debit or Bacs Payment",-2500.00,"SUPP PAY RUN      ","JURGA DIDZIULIENE SUPP PAY RUN      ",1056042.17
21/11/2025,309455-45002268 GBP,"LIQUIDLINE LIMITED","Direct Debit or Bacs Payment",-253350.94,"SUPP PAY RUN      ","1153329921        SUPP PAY RUN      ",802691.23
21/11/2025,309455-45002268 GBP,"LIQUIDLINE LIMITED","Faster Payment",440.26,"FE F G C LTD SW   ","FE F G C LTD SW   FFGC 0453         RP4650287235565100209807     40     21NOV25 01:27     ",803131.49
21/11/2025,309455-45002268 GBP,"LIQUIDLINE LIMITED","Faster Payment",61.79,"EAVES LS LTD      ","EAVES LS LTD      0734 LS EAVES     RP4650486571781800204451     40     21NOV25 01:29     ",803193.28
21/11/2025,309455-45002268 GBP,"LIQUIDLINE LIMITED","Faster Payment",150.00,"MOTHER LONDON LIMI","MOTHER LONDON LIMIPL94878829D94C3D2149021615404337000N180002     40     21NOV25 02:16     ",803343.28
21/11/2025,309455-45002268 GBP,"LIQUIDLINE LIMITED","Faster Payment",242.25,"BATTENS SOLICITORS","BATTENS SOLICITORSINV789359/793653  15023905485056000N602437     40     21NOV25 02:39     ",803585.53
21/11/2025,309455-45002268 GBP,"LIQUIDLINE LIMITED","Faster Payment",271.92,"AL MURAD D.I.Y.   ","AL MURAD D.I.Y.   7541              63024010175206000N536107     40     21NOV25 02:40     ",803857.45
21/11/2025,309455-45002268 GBP,"LIQUIDLINE LIMITED","Faster Payment",3600.00,"COFFETEK LTD   YY4","COFFETEK LTD   YY4AZCT2500001010202513024028814749000N560005     40     21NOV25 02:40     ",807457.45
21/11/2025,309455-45002268 GBP,"LIQUIDLINE LIMITED","Faster Payment",127.86,"DIRECT COMMERCIA  ","DIRECT COMMERCIA  DIRECT COMMERCIAL 54023338386053000N600513     40     21NOV25 02:47     ",807585.31
21/11/2025,309455-45002268 GBP,"LIQUIDLINE LIMITED","Faster Payment",94.23,"WORLDLINE MERCHANT","WORLDLINE MERCHANT202511200302968   010F274253251KEG  608382     10     21NOV25 02:48     ",807679.54
21/11/2025,309455-45002268 GBP,"LIQUIDLINE LIMITED","Faster Payment",1343.45,"POLICYBEE LTD     ","POLICYBEE LTD     POLICYBEE LTD     44024224192065000N536124     40     21NOV25 02:58     ",809022.99
21/11/2025,309455-45002268 GBP,"LIQUIDLINE LIMITED","Faster Payment",29.05,"SFA 262 HIGH HOLBO","SFA 262 HIGH HOLBOWORKPAD-SI-761602 64023213155787000N560014     40     21NOV25 02:58     ",809052.04
21/11/2025,309455-45002268 GBP,"LIQUIDLINE LIMITED","Faster Payment",54.43,"HUDSON (SANDIACRE)","HUDSON (SANDIACRE)SI-796991 ACC1476150023606104725000N010917     40     21NOV25 02:58     ",809106.47
21/11/2025,309455-45002268 GBP,"LIQUIDLINE LIMITED","Faster Payment",19470.22,"TOWER LEASING LIMI","TOWER LEASING LIMI60242190032306    15024241692657000N602421     40     21NOV25 02:59     ",828576.69
21/11/2025,309455-45002268 GBP,"LIQUIDLINE LIMITED","Faster Payment",4579.57,"NORTHWIND 5S LIMIT","NORTHWIND 5S LIMITGOALS 18068       33023214425660000R830706     40     21NOV25 03:02     ",833156.26
21/11/2025,309455-45002268 GBP,"LIQUIDLINE LIMITED","Faster Payment",311.02,"AHC LTD EX ACC    ","AHC LTD EX ACC    ADVINIA GROUP     MF000146539AFB2F00209354     40     21NOV25 03:03     ",833467.28
21/11/2025,309455-45002268 GBP,"LIQUIDLINE LIMITED","Faster Payment",16814.35,"THE DUTTON-FORSHAW","THE DUTTON-FORSHAWBATTERSEA         41030341597779000N016714     40     21NOV25 03:03     ",850281.63
21/11/2025,309455-45002268 GBP,"LIQUIDLINE LIMITED","Faster Payment",360.00,"ABINGTON GEN ST   ","ABINGTON GEN ST   ABINGTON SI-77981740023104708418000R831510     40     21NOV25 03:07     ",850641.63
21/11/2025,309455-45002268 GBP,"LIQUIDLINE LIMITED","Faster Payment",133.02,"AREA SQ. LIMITED  ","AREA SQ. LIMITED  AREA SQ LIMITED   42023049256925000R160079     40     21NOV25 03:07     ",850774.65
21/11/2025,309455-45002268 GBP,"LIQUIDLINE LIMITED","Faster Payment",6579.65,"DALCOUR MACLAREN L","DALCOUR MACLAREN LEFT-046401        63023333839594000N607003     40     21NOV25 03:08     ",857354.30
21/11/2025,309455-45002268 GBP,"LIQUIDLINE LIMITED","Faster Payment",2418.48,"CMC MARKETS UK PLC","CMC MARKETS UK PLCCMC MARKETS UK PLC05030123993023000N600001     40     21NOV25 03:14     ",859772.78
21/11/2025,309455-45002268 GBP,"LIQUIDLINE LIMITED","Faster Payment",341.63,"IGA GLOBAL LTD    ","IGA GLOBAL LTD    WILSONS 1180      48023140897131000N600606     40     21NOV25 03:16     ",860114.41
21/11/2025,309455-45002268 GBP,"LIQUIDLINE LIMITED","Faster Payment",186.19,"WEX EUROPE SERVICE","WEX EUROPE SERVICESI-786458, SI-7864429842481301248WCN165050     40     21NOV25 03:18     ",860300.60
21/11/2025,309455-45002268 GBP,"LIQUIDLINE LIMITED","Faster Payment",226.45,"FUNDING CIRCLE L B","FUNDING CIRCLE L BSI-779095 SI-78720MF001046539A6EED00208022     40     21NOV25 03:22     ",860527.05
21/11/2025,309455-45002268 GBP,"LIQUIDLINE LIMITED","Faster Payment",186.92,"MY GARAGE AUTOMOTI","MY GARAGE AUTOMOTIMY GARAGE 13804   52024125079342000N521048     40     21NOV25 03:28     ",860713.97
21/11/2025,309455-45002268 GBP,"LIQUIDLINE LIMITED","Faster Payment",328.80,"CMA FPG THE BARN O","CMA FPG THE BARN OFRESH PROPERTY GRP45023903657002000N560003     40     21NOV25 03:31     ",861042.77
21/11/2025,309455-45002268 GBP,"LIQUIDLINE LIMITED","Faster Payment",130.97,"THE INSTITUTE OF M","THE INSTITUTE OF MIOM3              00150423632BCNFKJM090222     40     21NOV25 03:38     ",861173.74
21/11/2025,309455-45002268 GBP,"LIQUIDLINE LIMITED","Faster Payment",300.66,"FPG PAVILION COURT","FPG PAVILION COURTFRESH PROPERTY GRP58024133726952000N560003     40     21NOV25 03:40     ",861474.40
21/11/2025,309455-45002268 GBP,"LIQUIDLINE LIMITED","Faster Payment",179.24,"TOONS C&F LTD     ","TOONS C&F LTD     TOONS C&F LTD     61024139683552000N521035     40     21NOV25 03:41     ",861653.64
21/11/2025,309455-45002268 GBP,"LIQUIDLINE LIMITED","Faster Payment",4857.85,"TOWER LEASING LIMI","TOWER LEASING LIMI60242190032306    61024232950276000N602421     40     21NOV25 03:42     ",866511.49
21/11/2025,309455-45002268 GBP,"LIQUIDLINE LIMITED","Faster Payment",1987.47,"CLOUDFM INTEGRATED","CLOUDFM INTEGRATEDCLOUD FM          MF0065465399B69C00202275     40     21NOV25 03:51     ",868498.96
21/11/2025,309455-45002268 GBP,"LIQUIDLINE LIMITED","Faster Payment",187.42,"PINNACLE HOUSING L","PINNACLE HOUSING LPINNACLE HOUSING LMF00314653998E8D00200000     40     21NOV25 04:07     ",868686.38
21/11/2025,309455-45002268 GBP,"LIQUIDLINE LIMITED","Faster Payment",75.89,"PINNACLE GROUP LIM","PINNACLE GROUP LIMPINNACLE GROUP LIMMF00054653998A1500200000     40     21NOV25 04:08     ",868762.27
21/11/2025,309455-45002268 GBP,"LIQUIDLINE LIMITED","Faster Payment",285.82,"SLADE LEGAL OFFICE","SLADE LEGAL OFFICE15641             MF000446539AF18D00207114     40     21NOV25 04:26     ",869048.09
21/11/2025,309455-45002268 GBP,"LIQUIDLINE LIMITED","Faster Payment",3587.68,"SLADE LEGAL OFFICE","SLADE LEGAL OFFICE24127             MF000346539AF18D00207114     40     21NOV25 04:28     ",872635.77
21/11/2025,309455-45002268 GBP,"LIQUIDLINE LIMITED","Faster Payment",954.00,"VICTORINOX UK LIMI","VICTORINOX UK LIMISI-792493         500000001667868873309087     10     21NOV25 04:47     ",873589.77
21/11/2025,309455-45002268 GBP,"LIQUIDLINE LIMITED","Faster Payment",114.40,"PUMPKINZ          ","PUMPKINZ          COFFEE            100000001658736646772226     10     21NOV25 07:25     ",873704.17
21/11/2025,309455-45002268 GBP,"LIQUIDLINE LIMITED","Faster Payment",991.22,"DEMENTIA UK       ","DEMENTIA UK       DEMENTIAUK        36072758628092000N600424     40     21NOV25 07:43     ",874695.39
21/11/2025,309455-45002268 GBP,"LIQUIDLINE LIMITED","CHAPS or International Payment",158.18,"1 EASTDIL S","F/FLOW 1/EASTDIL S00003502 RFB 5    ",874853.57
21/11/2025,309455-45002268 GBP,"LIQUIDLINE LIMITED","Faster Payment",151.34,"CAVEY DALE GROUP L","CAVEY DALE GROUP LSI-798207         00156648632BDGXKXK090222     10     21NOV25 08:53     ",875004.91
21/11/2025,309455-45002268 GBP,"LIQUIDLINE LIMITED","Faster Payment",192.00,"FOREFRONT RF LTD  ","FOREFRONT RF LTD  SI-785954         cb47c363ebc7410695040473     10     21NOV25 09:07     ",875196.91
21/11/2025,309455-45002268 GBP,"LIQUIDLINE LIMITED","Faster Payment",108.65,"11ASS LTD         ","11ASS LTD         SI-770178         109286938190121101402818     10     21NOV25 09:18     ",875305.56
21/11/2025,309455-45002268 GBP,"LIQUIDLINE LIMITED","Faster Payment",116.34,"ADVENTURE BUDE LTD","ADVENTURE BUDE LTDADVENTURE 20557   12092232496543000N601622     10     21NOV25 09:22     ",875421.90
21/11/2025,309455-45002268 GBP,"LIQUIDLINE LIMITED","Faster Payment",197.38,"AGE UK MAIDSTONE S","AGE UK MAIDSTONE S786128            000000FT25325M4LD9230580     10     21NOV25 09:50     ",875619.28
21/11/2025,309455-45002268 GBP,"LIQUIDLINE LIMITED","Faster Payment",261.92,"OPUSWORKSPAC      ","OPUSWORKSPAC      OPUS - 783871     141644028590121101402247     10     21NOV25 09:58     ",875881.20
21/11/2025,309455-45002268 GBP,"LIQUIDLINE LIMITED","Faster Payment",197.38,"KYRIBA UK LIMITED ","KYRIBA UK LIMITED 281475434913745   010F274253254DLY  608382     10     21NOV25 10:14     ",876078.58
21/11/2025,309455-45002268 GBP,"LIQUIDLINE LIMITED","Faster Payment",365.66,"AUDI BRIDGEND     ","AUDI BRIDGEND     SI-780084         BX2511206047262000208391     10     21NOV25 10:15     ",876444.24
21/11/2025,309455-45002268 GBP,"LIQUIDLINE LIMITED","Faster Payment",55.35,"21 BOWLING G      ","21 BOWLING G      SI-798044         270257736101121101402818     10     21NOV25 10:16     ",876499.59
21/11/2025,309455-45002268 GBP,"LIQUIDLINE LIMITED","Faster Payment",10.80,"ODDSPHERE LIMITED ","ODDSPHERE LIMITED ODDSPHERE         19102013990686000N602477     10     21NOV25 10:20     ",876510.39
21/11/2025,309455-45002268 GBP,"LIQUIDLINE LIMITED","Faster Payment",414.45,"SRC UK LIMITED    ","SRC UK LIMITED    SRC UK            34103730400575000N601315     40     21NOV25 10:37     ",876924.84
21/11/2025,309455-45002268 GBP,"LIQUIDLINE LIMITED","Faster Payment",18.49,"FERITECH GLOBAL LT","FERITECH GLOBAL LTSI-782525         87930050001119F7SW405162     10     21NOV25 11:00     ",876943.33
21/11/2025,309455-45002268 GBP,"LIQUIDLINE LIMITED","Faster Payment",9019.51,"ARIA HEALTHCARE GR","ARIA HEALTHCARE GRAUTO PAYMENT      159745330111240XNC401804     40     21NOV25 11:03     ",885962.84
21/11/2025,309455-45002268 GBP,"LIQUIDLINE LIMITED","Faster Payment",645.80,"OLYMPUS OPCO LTD  ","OLYMPUS OPCO LTD  AUTO PAYMENT      491377203111225ZNC401804     40     21NOV25 11:30     ",886608.64
21/11/2025,309455-45002268 GBP,"LIQUIDLINE LIMITED","Faster Payment",375.47,"FUDGE HAI LTD SW  ","FUDGE HAI LTD SW  21171 FG CHELT    RP4659982901589100209868     10     21NOV25 11:39     ",886984.11
21/11/2025,309455-45002268 GBP,"LIQUIDLINE LIMITED","Faster Payment",492.27,"ACA STIRLING VAUXH","ACA/STIRLING VAUXH4469              59114254230492000R832127     10     21NOV25 11:42     ",887476.38
21/11/2025,309455-45002268 GBP,"LIQUIDLINE LIMITED","Faster Payment",362.29,"ACA KIRKCALDY BMW ","ACA/KIRKCALDY BMW AC BMW KIRKCALDY  64114254389016000R832127     10     21NOV25 11:42     ",887838.67
21/11/2025,309455-45002268 GBP,"LIQUIDLINE LIMITED","Faster Payment",843.37,"ACA CHESTERFIELD M","ACA/CHESTERFIELD MAC  5201          51114643292254000R832127     10     21NOV25 11:46     ",888682.04
21/11/2025,309455-45002268 GBP,"LIQUIDLINE LIMITED","Faster Payment",103.64,"WILLIAMS  LTD SW  ","WILLIAMS  LTD SW  INV SI-797280     RP4679965713510700206520     10     21NOV25 12:04     ",888785.68
21/11/2025,309455-45002268 GBP,"LIQUIDLINE LIMITED","Faster Payment",413.65,"ACA WIRRAL RENAULT","ACA/WIRRAL RENAULTRENWIRRAL         41122733295157000R832127     10     21NOV25 12:27     ",889199.33
21/11/2025,309455-45002268 GBP,"LIQUIDLINE LIMITED","Faster Payment",1143.85,"ACA   WOLVERHAMPTO","ACA / WOLVERHAMPTOAC WOLVES 8486    49122734324286000R832127     10     21NOV25 12:27     ",890343.18
21/11/2025,309455-45002268 GBP,"LIQUIDLINE LIMITED","Faster Payment",3206.50,"ACA BLACKPOOL RENA","ACA/BLACKPOOL RENA4422 STATEMENT    21122734476110000R832127     10     21NOV25 12:27     ",893549.68
21/11/2025,309455-45002268 GBP,"LIQUIDLINE LIMITED","Faster Payment",197.38,"MRTNFSRMACRO      ","MRTNFSRMACRO      SI-789282         7159286392211211HN402044     10     21NOV25 12:29     ",893747.06
21/11/2025,309455-45002268 GBP,"LIQUIDLINE LIMITED","Faster Payment",269.40,"HARMONY NEW ENERGY","HARMONY NEW ENERGYSI-791459         73338860913121F6SW405037     10     21NOV25 13:19     ",894016.46
21/11/2025,309455-45002268 GBP,"LIQUIDLINE LIMITED","Faster Payment",745.92,"PHX GYM WITHAM LTD","PHX GYM WITHAM LTDSPF-S-608099      19132026860883000N600322     10     21NOV25 13:20     ",894762.38
21/11/2025,309455-45002268 GBP,"LIQUIDLINE LIMITED","Faster Payment",384.63,"TERRAPINN HOLDINGS","TERRAPINN HOLDINGSSI-775356 /761623 252236340411247VAH401160     40     21NOV25 14:04     ",895147.01
21/11/2025,309455-45002268 GBP,"LIQUIDLINE LIMITED","Faster Payment",1132.48,"KUBRICK GROUP LIMI","KUBRICK GROUP LIMISI-777574         744200440411255VAH401160     40     21NOV25 14:04     ",896279.49
21/11/2025,309455-45002268 GBP,"LIQUIDLINE LIMITED","Faster Payment",2070.00,"IMPELLAM HOLDINGS ","IMPELLAM HOLDINGS IHL1-000405       000000040315108901200000     50     21NOV25 14:10     ",898349.49
21/11/2025,309455-45002268 GBP,"LIQUIDLINE LIMITED","Faster Payment",380.01,"ST CLARE W E HOS  ","ST CLARE W E HOS  ST CLARE HOSPICE  MF001746539B3CAE00203698     10     21NOV25 14:49     ",898729.50
21/11/2025,309455-45002268 GBP,"LIQUIDLINE LIMITED","Faster Payment",654.12,"WESTERN COMMERCIAL","WESTERN COMMERCIALSI-777478         3919730040511211HN402044     10     21NOV25 15:04     ",899383.62
21/11/2025,309455-45002268 GBP,"LIQUIDLINE LIMITED","Faster Payment",890.47,"NEXT PLC BARCLAYS ","NEXT PLC BARCLAYS 129655 22B20794   000000040315357901204846     50     21NOV25 15:37     ",900274.09
21/11/2025,309455-45002268 GBP,"LIQUIDLINE LIMITED","Faster Payment",2736.30,"SPACE MADE GROUP L","SPACE MADE GROUP LSEE REMIT         DF2532512002915700203206     10     21NOV25 16:15     ",903010.39
21/11/2025,309455-45002268 GBP,"LIQUIDLINE LIMITED","Faster Payment",3963.34,"EARL NET INCOME AC","EARL NET INCOME ACPLE               MF000446539C3D2600200000     10     21NOV25 16:18     ",906973.73
21/11/2025,309455-45002268 GBP,"LIQUIDLINE LIMITED","Faster Payment",197.38,"ADVANTAGE HOTELS (","ADVANTAGE HOTELS (MONTAGUPLACE      122927530711253WAH400520     40     21NOV25 17:03     ",907171.11
21/11/2025,309455-45002268 GBP,"LIQUIDLINE LIMITED","Sweeping",3121.60,,"FROM30788313547260",910292.71
21/11/2025,309455-45002268 GBP,"LIQUIDLINE LIMITED","Closing Ledger",910292.71,,,910292.71