Post Date,Account Number,Account Name,Type,Amount,Customer Reference,Transaction Detail,Balance
28/11/2025,309455-45002268 GBP,"LIQUIDLINE LIMITED","Opening Ledger",1825142.97,,,1825142.97
28/11/2025,309455-45002268 GBP,"LIQUIDLINE LIMITED","Faster Payment",840.00,"THE INFORMATION LA","THE INFORMATION LA7173201333008211HN401160     10     28NOV25 00:33     ",1825982.97
28/11/2025,309455-45002268 GBP,"LIQUIDLINE LIMITED","Bank Giro Credit",15.00,"BMW MINI YEOVIL   ","YEOVIL            BMW/MINI YEOVIL   ",1825997.97
28/11/2025,309455-45002268 GBP,"LIQUIDLINE LIMITED","Bank Giro Credit",15.00,"PAISLEY PEUGEOT   ","B ST 4TH PAISLEY  PAISLEY PEUGEOT   ",1826012.97
28/11/2025,309455-45002268 GBP,"LIQUIDLINE LIMITED","Bank Giro Credit",15.00,"BACS REMITTANCE PL","PETERLEE HYUNDAI  BACS REMITTANCE PL",1826027.97
28/11/2025,309455-45002268 GBP,"LIQUIDLINE LIMITED","Bank Giro Credit",15.60,"V002658           ","BAGNALLS ADMIN    V002658           ",1826043.57
28/11/2025,309455-45002268 GBP,"LIQUIDLINE LIMITED","Bank Giro Credit",17.06,,"BDW ANGLIA        ",1826060.63
28/11/2025,309455-45002268 GBP,"LIQUIDLINE LIMITED","Bank Giro Credit",20.38,"CARRS FERRARI BACS","CARRS FERR        CARRS FERRARI BACS",1826081.01
28/11/2025,309455-45002268 GBP,"LIQUIDLINE LIMITED","Bank Giro Credit",20.40,"AP BACS 1         ","ACE PARTS         AP BACS 1         ",1826101.41
28/11/2025,309455-45002268 GBP,"LIQUIDLINE LIMITED","Bank Giro Credit",20.40,"VVS BACS RUN 2811 ","VERTU VEHICLE SO  VVS BACS RUN 2811 ",1826121.81
28/11/2025,309455-45002268 GBP,"LIQUIDLINE LIMITED","Bank Giro Credit",20.40,"VCR BACS 1        ","VAR LTD           VCR BACS 1        ",1826142.21
28/11/2025,309455-45002268 GBP,"LIQUIDLINE LIMITED","Bank Giro Credit",26.40,"BACS HONDA NEWCMOR","VERTU HONDA NORTH BACS HONDA NEWCMOR",1826168.61
28/11/2025,309455-45002268 GBP,"LIQUIDLINE LIMITED","Bank Giro Credit",28.50,"SI-793181         ","ECS LTD           SI-793181         ",1826197.11
28/11/2025,309455-45002268 GBP,"LIQUIDLINE LIMITED","Bank Giro Credit",28.51,"PER EMAIL         ","CLARKSON PORT SERVPER EMAIL         ",1826225.62
28/11/2025,309455-45002268 GBP,"LIQUIDLINE LIMITED","Bank Giro Credit",28.80,"ROOFING SUPPLIES G","ROOFING SUPPLIES GROOFING SUPPLIES G",1826254.42
28/11/2025,309455-45002268 GBP,"LIQUIDLINE LIMITED","Bank Giro Credit",28.80,"20560             ","ALLEN AND HEATH LI20560             ",1826283.22
28/11/2025,309455-45002268 GBP,"LIQUIDLINE LIMITED","Bank Giro Credit",29.78,,"WINDRUSH GARAGE L ",1826313.00
28/11/2025,309455-45002268 GBP,"LIQUIDLINE LIMITED","Bank Giro Credit",35.40,"BACS REMITTANCE PL","LEICESTER RENAUL  BACS REMITTANCE PL",1826348.40
28/11/2025,309455-45002268 GBP,"LIQUIDLINE LIMITED","Bank Giro Credit",35.40,"BYD HARTLEP NOV 25","HARTLEPOOL BYD    BYD HARTLEP NOV 25",1826383.80
28/11/2025,309455-45002268 GBP,"LIQUIDLINE LIMITED","Bank Giro Credit",35.40,"13243             ","NORTHAMPTON VAUXHA13243             ",1826419.20
28/11/2025,309455-45002268 GBP,"LIQUIDLINE LIMITED","Bank Giro Credit",35.40,"TX BACS 1         ","THE TAXI CENTRE   TX BACS 1         ",1826454.60
28/11/2025,309455-45002268 GBP,"LIQUIDLINE LIMITED","Bank Giro Credit",36.98,"PURCHASE PAYMENT  ","CALIBRO WORKSPACE PURCHASE PAYMENT  ",1826491.58
28/11/2025,309455-45002268 GBP,"LIQUIDLINE LIMITED","Bank Giro Credit",52.00,"481876            ","EEL               481876            ",1826543.58
28/11/2025,309455-45002268 GBP,"LIQUIDLINE LIMITED","Bank Giro Credit",52.39,"AS PER EMAIL      ","BRINOR INT SHIP LTAS PER EMAIL      ",1826595.97
28/11/2025,309455-45002268 GBP,"LIQUIDLINE LIMITED","Bank Giro Credit",55.80,"HONDA SOUTH       ","GRANTHAM M COM LTDHONDA SOUTH       ",1826651.77
28/11/2025,309455-45002268 GBP,"LIQUIDLINE LIMITED","Bank Giro Credit",61.20,"VARC BACS 1       ","VARC LTD S        VARC BACS 1       ",1826712.97
28/11/2025,309455-45002268 GBP,"LIQUIDLINE LIMITED","Bank Giro Credit",61.20,"HONDA SOUTH TYNE  ","HONDA SOUTH TYNE  HONDA SOUTH TYNE  ",1826774.17
28/11/2025,309455-45002268 GBP,"LIQUIDLINE LIMITED","Bank Giro Credit",61.80,"FORD MORP BACS    ","MORPETH BYD       FORD MORP BACS    ",1826835.97
28/11/2025,309455-45002268 GBP,"LIQUIDLINE LIMITED","Bank Giro Credit",62.28,"EVERGREEN MARINE  ","EVERGREEN MARINE UEVERGREEN MARINE  ",1826898.25
28/11/2025,309455-45002268 GBP,"LIQUIDLINE LIMITED","Bank Giro Credit",63.84,,"MARSHALL SKODA BED",1826962.09
28/11/2025,309455-45002268 GBP,"LIQUIDLINE LIMITED","Bank Giro Credit",66.14,"WATKIN JONES & SON","WATKIN JONES & SONWATKIN JONES & SON",1827028.23
28/11/2025,309455-45002268 GBP,"LIQUIDLINE LIMITED","Bank Giro Credit",67.08,"UNDERWOODS CLACTON","UNDERWOODS OF CLACUNDERWOODS CLACTON",1827095.31
28/11/2025,309455-45002268 GBP,"LIQUIDLINE LIMITED","Bank Giro Credit",68.04,"SI-781998         ","ECS LTD           SI-781998         ",1827163.35
28/11/2025,309455-45002268 GBP,"LIQUIDLINE LIMITED","Bank Giro Credit",68.70,"RRG BOLTON BACS   ","RRG GROUP LIMITED RRG BOLTON BACS   ",1827232.05
28/11/2025,309455-45002268 GBP,"LIQUIDLINE LIMITED","Bank Giro Credit",70.80,"BACS REMITTANCE PL","B ST 1ST SHIRLEY  BACS REMITTANCE PL",1827302.85
28/11/2025,309455-45002268 GBP,"LIQUIDLINE LIMITED","Bank Giro Credit",70.80,"BACS WEST BROM    ","B ST 1ST W BROM   BACS WEST BROM    ",1827373.65
28/11/2025,309455-45002268 GBP,"LIQUIDLINE LIMITED","Bank Giro Credit",75.89,"SI-785974         ","ECS LTD           SI-785974         ",1827449.54
28/11/2025,309455-45002268 GBP,"LIQUIDLINE LIMITED","Bank Giro Credit",81.88,"TOYOTA DERBY      ","GROUP 1 RETAIL LTDTOYOTA DERBY      ",1827531.42
28/11/2025,309455-45002268 GBP,"LIQUIDLINE LIMITED","Bank Giro Credit",82.20,"BACS 28112025     ","NOTT VOLKS SOUTH  BACS 28112025     ",1827613.62
28/11/2025,309455-45002268 GBP,"LIQUIDLINE LIMITED","Bank Giro Credit",84.46,"BCGB058095        ","BENEFIT COSMETICS BCGB058095        ",1827698.08
28/11/2025,309455-45002268 GBP,"LIQUIDLINE LIMITED","Bank Giro Credit",88.20,"BACS 28112025     ","VERTU VOLKSWAGEN  BACS 28112025     ",1827786.28
28/11/2025,309455-45002268 GBP,"LIQUIDLINE LIMITED","Bank Giro Credit",88.82,,"CONNECT VEND LTD  ",1827875.10
28/11/2025,309455-45002268 GBP,"LIQUIDLINE LIMITED","Bank Giro Credit",93.57,,"CADMAN CM GROUP   ",1827968.67
28/11/2025,309455-45002268 GBP,"LIQUIDLINE LIMITED","Bank Giro Credit",93.60,"JLR NELSON BACS   ","FARNELL NORTH WESTJLR NELSON BACS   ",1828062.27
28/11/2025,309455-45002268 GBP,"LIQUIDLINE LIMITED","Bank Giro Credit",94.92,"SI790903          ","ESSEX&HERTS AIR   SI790903          ",1828157.19
28/11/2025,309455-45002268 GBP,"LIQUIDLINE LIMITED","Bank Giro Credit",95.76,"AQUATERRA         ","AQUATERRA CURRENT AQUATERRA         ",1828252.95
28/11/2025,309455-45002268 GBP,"LIQUIDLINE LIMITED","Bank Giro Credit",96.60,"FORD NCL BACS     ","BS NEW F          FORD NCL BACS     ",1828349.55
28/11/2025,309455-45002268 GBP,"LIQUIDLINE LIMITED","Bank Giro Credit",96.83,"BACS SIL NOV      ","RRG GROUP LIMITED BACS SIL NOV      ",1828446.38
28/11/2025,309455-45002268 GBP,"LIQUIDLINE LIMITED","Bank Giro Credit",100.61,"14854             ","ST JOSEPHS EXPENSE14854             ",1828546.99
28/11/2025,309455-45002268 GBP,"LIQUIDLINE LIMITED","Bank Giro Credit",101.32,"PGR BACS          ","RRG GROUP LIMITED PGR BACS          ",1828648.31
28/11/2025,309455-45002268 GBP,"LIQUIDLINE LIMITED","Bank Giro Credit",105.38,"SI-793597         ","GOSBERTON HOUSE ACSI-793597         ",1828753.69
28/11/2025,309455-45002268 GBP,"LIQUIDLINE LIMITED","Bank Giro Credit",108.42,"BACS REMITTANCE PL","S&Y MAIDSTONE     BACS REMITTANCE PL",1828862.11
28/11/2025,309455-45002268 GBP,"LIQUIDLINE LIMITED","Bank Giro Credit",109.92,"4401259           ","HARROGATE HEALTHCA4401259           ",1828972.03
28/11/2025,309455-45002268 GBP,"LIQUIDLINE LIMITED","Bank Giro Credit",111.35,"LOCKMETAL LTD     ","LOCKMETAL LTD     LOCKMETAL LTD     ",1829083.38
28/11/2025,309455-45002268 GBP,"LIQUIDLINE LIMITED","Bank Giro Credit",111.76,"ACCOUNT 17113     ","BUSINESS MOVES    ACCOUNT 17113     ",1829195.14
28/11/2025,309455-45002268 GBP,"LIQUIDLINE LIMITED","Bank Giro Credit",116.45,"SAVILLS-B810098   ","SAVILLS UK LTD    SAVILLS-B810098   ",1829311.59
28/11/2025,309455-45002268 GBP,"LIQUIDLINE LIMITED","Bank Giro Credit",116.82,"SI-782322         ","V WT ELW GBP AC   SI-782322         ",1829428.41
28/11/2025,309455-45002268 GBP,"LIQUIDLINE LIMITED","Bank Giro Credit",118.14,"SI-789059         ","GOODMAN JONES OFFISI-789059         ",1829546.55
28/11/2025,309455-45002268 GBP,"LIQUIDLINE LIMITED","Bank Giro Credit",120.22,"10464             ","HARVEY ENG L      10464             ",1829666.77
28/11/2025,309455-45002268 GBP,"LIQUIDLINE LIMITED","Bank Giro Credit",122.40,"HONDA MIDLANDS    ","HONDA MIDLANDS    HONDA MIDLANDS    ",1829789.17
28/11/2025,309455-45002268 GBP,"LIQUIDLINE LIMITED","Bank Giro Credit",123.60,"DURHAM BACS       ","DURHAM BMW MINI   DURHAM BACS       ",1829912.77
28/11/2025,309455-45002268 GBP,"LIQUIDLINE LIMITED","Bank Giro Credit",125.16,,"MACFARLANE GROUP U",1830037.93
28/11/2025,309455-45002268 GBP,"LIQUIDLINE LIMITED","Bank Giro Credit",126.00,"CBW RESOURCES LTD ","AMCO              CBW RESOURCES LTD ",1830163.93
28/11/2025,309455-45002268 GBP,"LIQUIDLINE LIMITED","Bank Giro Credit",126.91,"SI-789028 CDP WW  ","CDP WORLDWIDE     SI-789028 CDP WW  ",1830290.84
28/11/2025,309455-45002268 GBP,"LIQUIDLINE LIMITED","Bank Giro Credit",127.68,,"MMG SKODA NOTTINGH",1830418.52
28/11/2025,309455-45002268 GBP,"LIQUIDLINE LIMITED","Bank Giro Credit",127.94,"EPRL PAYMENT RUN  ","EPR LTD           EPRL PAYMENT RUN  ",1830546.46
28/11/2025,309455-45002268 GBP,"LIQUIDLINE LIMITED","Bank Giro Credit",129.00,"1510 2000046130 K ","ASSOCIATED BRITISH1510 2000046130 K ",1830675.46
28/11/2025,309455-45002268 GBP,"LIQUIDLINE LIMITED","Bank Giro Credit",132.31,"SI-785977         ","MID&NORTH E M     SI-785977         ",1830807.77
28/11/2025,309455-45002268 GBP,"LIQUIDLINE LIMITED","Bank Giro Credit",132.72,"24372             ","YARDMINSTER LIMITE24372             ",1830940.49
28/11/2025,309455-45002268 GBP,"LIQUIDLINE LIMITED","Bank Giro Credit",132.90,"THAMES T WELLS    ","TMG TUNBRIDGE W  BTHAMES T/WELLS    ",1831073.39
28/11/2025,309455-45002268 GBP,"LIQUIDLINE LIMITED","Bank Giro Credit",133.95,"ALTY BACS RUN     ","RRG GROUP LIMITED ALTY BACS RUN     ",1831207.34
28/11/2025,309455-45002268 GBP,"LIQUIDLINE LIMITED","Bank Giro Credit",134.16,"SI789710-SI794148 ","AMERICAN AIRLINES SI789710-SI794148 ",1831341.50
28/11/2025,309455-45002268 GBP,"LIQUIDLINE LIMITED","Bank Giro Credit",135.48,"LANDMARK INFORMATI","LANDMARK INFORMATILANDMARK INFORMATI",1831476.98
28/11/2025,309455-45002268 GBP,"LIQUIDLINE LIMITED","Bank Giro Credit",138.21,"SI-786878         ","WASHCO  MAIN ACCOUSI-786878         ",1831615.19
28/11/2025,309455-45002268 GBP,"LIQUIDLINE LIMITED","Bank Giro Credit",140.45,,"PD PORTS SERVICES ",1831755.64
28/11/2025,309455-45002268 GBP,"LIQUIDLINE LIMITED","Bank Giro Credit",141.42,"G&T LLP           ","G & T LLP         G&T LLP           ",1831897.06
28/11/2025,309455-45002268 GBP,"LIQUIDLINE LIMITED","Bank Giro Credit",142.90,"LIQ001            ","TCLARKE GROUP     LIQ001            ",1832039.96
28/11/2025,309455-45002268 GBP,"LIQUIDLINE LIMITED","Bank Giro Credit",142.90,"20345             ","R2C ONLINE L      20345             ",1832182.86
28/11/2025,309455-45002268 GBP,"LIQUIDLINE LIMITED","Bank Giro Credit",150.00,"SC-SPT-100389629-5","SOMERSET COUNCIL PSC-SPT-100389629-5",1832332.86
28/11/2025,309455-45002268 GBP,"LIQUIDLINE LIMITED","Bank Giro Credit",153.14,"PORSCHE NORWICH   ","LIND AG LIMITED   PORSCHE NORWICH   ",1832486.00
28/11/2025,309455-45002268 GBP,"LIQUIDLINE LIMITED","Bank Giro Credit",154.62,,"MARSHALL PETERBORO",1832640.62
28/11/2025,309455-45002268 GBP,"LIQUIDLINE LIMITED","Bank Giro Credit",154.92,"THE MEATH EPILEPSY","MEATH EPILEPSY CHATHE MEATH EPILEPSY",1832795.54
28/11/2025,309455-45002268 GBP,"LIQUIDLINE LIMITED","Bank Giro Credit",156.00,"UCS COLLEGE GROUP ","UCS COLLEGE GROUP UCS COLLEGE GROUP ",1832951.54
28/11/2025,309455-45002268 GBP,"LIQUIDLINE LIMITED","Bank Giro Credit",156.88,"0000071511        ","GUTTERIDGE HASKINS0000071511        ",1833108.42
28/11/2025,309455-45002268 GBP,"LIQUIDLINE LIMITED","Bank Giro Credit",157.09,"BACS REMITTANCE PL","BEADLES SEVENOAKSLBACS REMITTANCE PL",1833265.51
28/11/2025,309455-45002268 GBP,"LIQUIDLINE LIMITED","Bank Giro Credit",157.34,"TOYOTA NOTTINGHAM ","GROUP 1 RETAIL LTDTOYOTA NOTTINGHAM ",1833422.85
28/11/2025,309455-45002268 GBP,"LIQUIDLINE LIMITED","Bank Giro Credit",158.58,"INV PMT           ","DIBA IND LTD      INV PMT           ",1833581.43
28/11/2025,309455-45002268 GBP,"LIQUIDLINE LIMITED","Bank Giro Credit",159.67,"GP1 LEX LIV       ","BEADLES LEXUS LI  GP1 LEX LIV       ",1833741.10
28/11/2025,309455-45002268 GBP,"LIQUIDLINE LIMITED","Bank Giro Credit",160.20,"RUISLIP BMW BACS  ","BMW SPIRE RUISLI  RUISLIP BMW BACS  ",1833901.30
28/11/2025,309455-45002268 GBP,"LIQUIDLINE LIMITED","Bank Giro Credit",161.26,"ASTON BARCLAY LTD ","ASTON BARCLAY LTD ASTON BARCLAY LTD ",1834062.56
28/11/2025,309455-45002268 GBP,"LIQUIDLINE LIMITED","Bank Giro Credit",161.88,"ROYAL COLLECTION T","ROYAL COLLECTION T",1834224.44
28/11/2025,309455-45002268 GBP,"LIQUIDLINE LIMITED","Bank Giro Credit",162.40,"BACS REMITTANCE PL","OXFORD LAND ROVER BACS REMITTANCE PL",1834386.84
28/11/2025,309455-45002268 GBP,"LIQUIDLINE LIMITED","Bank Giro Credit",162.64,"TOYOTA SANDHURST  ","GROUP 1 RETAIL LTDTOYOTA SANDHURST  ",1834549.48
28/11/2025,309455-45002268 GBP,"LIQUIDLINE LIMITED","Bank Giro Credit",164.78,"BACS REMITTANCE PL","TF FARNBOROUGH    BACS REMITTANCE PL",1834714.26
28/11/2025,309455-45002268 GBP,"LIQUIDLINE LIMITED","Bank Giro Credit",165.18,"16695             ","OUTLOOK CARE      16695             ",1834879.44
28/11/2025,309455-45002268 GBP,"LIQUIDLINE LIMITED","Bank Giro Credit",168.85,"BEECHFIELD BRANDS ","BEECHFIELD BRANDS BEECHFIELD BRANDS ",1835048.29
28/11/2025,309455-45002268 GBP,"LIQUIDLINE LIMITED","Bank Giro Credit",171.71,"TOYOTA WARRINGTON ","GROUP 1 RETAIL LTDTOYOTA WARRINGTON ",1835220.00
28/11/2025,309455-45002268 GBP,"LIQUIDLINE LIMITED","Bank Giro Credit",173.15,"RRG MAZDA SPORT   ","RRG GROUP LIMITED RRG MAZDA SPORT   ",1835393.15
28/11/2025,309455-45002268 GBP,"LIQUIDLINE LIMITED","Bank Giro Credit",173.84,"SC225894 SI787661 ","JACOBS UK LIMITED SC225894 SI787661 ",1835566.99
28/11/2025,309455-45002268 GBP,"LIQUIDLINE LIMITED","Bank Giro Credit",174.00,"M        V        ","MILLSONS VEN      M        V        ",1835740.99
28/11/2025,309455-45002268 GBP,"LIQUIDLINE LIMITED","Bank Giro Credit",175.42,"20162             ","AYR TOYOTA        20162             ",1835916.41
28/11/2025,309455-45002268 GBP,"LIQUIDLINE LIMITED","Bank Giro Credit",177.72,"BACS REMITTANCE PL","COLCHESTER AUDI   BACS REMITTANCE PL",1836094.13
28/11/2025,309455-45002268 GBP,"LIQUIDLINE LIMITED","Bank Giro Credit",179.09,"SL4344X           ","KWIK-FIT  GB  AP  SL4344X           ",1836273.22
28/11/2025,309455-45002268 GBP,"LIQUIDLINE LIMITED","Bank Giro Credit",180.38,"CONCERTUS DERBY BI","CONCERTUS DERBYS  CONCERTUS DERBY BI",1836453.60
28/11/2025,309455-45002268 GBP,"LIQUIDLINE LIMITED","Bank Giro Credit",180.42,"PI-0213376        ","BARRON MCCANN LT  PI-0213376        ",1836634.02
28/11/2025,309455-45002268 GBP,"LIQUIDLINE LIMITED","Bank Giro Credit",181.48,"23638             ","GREENHOUS SHROPSHI23638             ",1836815.50
28/11/2025,309455-45002268 GBP,"LIQUIDLINE LIMITED","Bank Giro Credit",182.11,"HEX BACS          ","RO PROPERTY MANAGEHEX BACS          ",1836997.61
28/11/2025,309455-45002268 GBP,"LIQUIDLINE LIMITED","Bank Giro Credit",187.36,"HEX BACS          ","HOPKINS HOMES LTD HEX BACS          ",1837184.97
28/11/2025,309455-45002268 GBP,"LIQUIDLINE LIMITED","Bank Giro Credit",187.86,"SI784852          ","THE PRESS ASSOCIATSI784852          ",1837372.83
28/11/2025,309455-45002268 GBP,"LIQUIDLINE LIMITED","Bank Giro Credit",191.52,"BACS REMITTANCE PL","S.G. SMITH AUTOMOTBACS REMITTANCE PL",1837564.35
28/11/2025,309455-45002268 GBP,"LIQUIDLINE LIMITED","Bank Giro Credit",191.52,,"LEICESTER HONDA/SU",1837755.87
28/11/2025,309455-45002268 GBP,"LIQUIDLINE LIMITED","Bank Giro Credit",191.52,,"MARSHALL PETERBORO",1837947.39
28/11/2025,309455-45002268 GBP,"LIQUIDLINE LIMITED","Bank Giro Credit",193.50,"CROSFIELDS SCHOOL ","CROSFIELDS SCHOOL CROSFIELDS SCHOOL ",1838140.89
28/11/2025,309455-45002268 GBP,"LIQUIDLINE LIMITED","Bank Giro Credit",194.88,,"MARSHALL CAMBRIDGE",1838335.77
28/11/2025,309455-45002268 GBP,"LIQUIDLINE LIMITED","Bank Giro Credit",195.86,"BACS LINCOLN 28 11","LINCOLN VOLKSWAGENBACS LINCOLN 28/11",1838531.63
28/11/2025,309455-45002268 GBP,"LIQUIDLINE LIMITED","Bank Giro Credit",197.16,"8000012037        ","SHARP BUSINESS SYS8000012037        ",1838728.79
28/11/2025,309455-45002268 GBP,"LIQUIDLINE LIMITED","Bank Giro Credit",197.38,"443889            ","SHNL -121- LTD T/A443889            ",1838926.17
28/11/2025,309455-45002268 GBP,"LIQUIDLINE LIMITED","Bank Giro Credit",199.56,"00014531UK60      ","GB-OCS GROUP UK LI00014531UK60      ",1839125.73
28/11/2025,309455-45002268 GBP,"LIQUIDLINE LIMITED","Bank Giro Credit",202.17,"13202             ","VMC CHINGFORD     13202             ",1839327.90
28/11/2025,309455-45002268 GBP,"LIQUIDLINE LIMITED","Bank Giro Credit",204.86,"9599 13171        ","SKIPTON HARROGATE 9599 13171        ",1839532.76
28/11/2025,309455-45002268 GBP,"LIQUIDLINE LIMITED","Bank Giro Credit",205.12,"WESTCOUNTRY GROUP ","WESTCOUNTRY CORPORWESTCOUNTRY GROUP ",1839737.88
28/11/2025,309455-45002268 GBP,"LIQUIDLINE LIMITED","Bank Giro Credit",207.28,"8742              ","LEADERS LIMITED   8742              ",1839945.16
28/11/2025,309455-45002268 GBP,"LIQUIDLINE LIMITED","Bank Giro Credit",209.06,"BMW HINDHEAD NOV B","BARONS HINDHEAD   BMW HINDHEAD NOV B",1840154.22
28/11/2025,309455-45002268 GBP,"LIQUIDLINE LIMITED","Bank Giro Credit",213.00,"UNDERWOODS TIPTREE","UNDERWOODS GARAGE UNDERWOODS TIPTREE",1840367.22
28/11/2025,309455-45002268 GBP,"LIQUIDLINE LIMITED","Bank Giro Credit",213.51,"HENRY BOOT PLC    ","HB PLC            HENRY BOOT PLC    ",1840580.73
28/11/2025,309455-45002268 GBP,"LIQUIDLINE LIMITED","Bank Giro Credit",214.13,"PEUGEOT OLDHAM    ","RRG GROUP LIMITED PEUGEOT OLDHAM    ",1840794.86
28/11/2025,309455-45002268 GBP,"LIQUIDLINE LIMITED","Bank Giro Credit",215.23,"THE CLUB COMPANY  ","THE CLUB COMPANY UTHE CLUB COMPANY  ",1841010.09
28/11/2025,309455-45002268 GBP,"LIQUIDLINE LIMITED","Bank Giro Credit",215.39,"21264             ","MIDFIX            21264             ",1841225.48
28/11/2025,309455-45002268 GBP,"LIQUIDLINE LIMITED","Bank Giro Credit",217.56,"NWL JLR           ","STAPLES CORNER JLRNWL JLR           ",1841443.04
28/11/2025,309455-45002268 GBP,"LIQUIDLINE LIMITED","Bank Giro Credit",222.26,"BACS REMITTANCE PL","NORTHAMPTON PEUGEOBACS REMITTANCE PL",1841665.30
28/11/2025,309455-45002268 GBP,"LIQUIDLINE LIMITED","Bank Giro Credit",222.40,"BACS30112025      ","HUDDERSFIELD      BACS30112025      ",1841887.70
28/11/2025,309455-45002268 GBP,"LIQUIDLINE LIMITED","Bank Giro Credit",222.69,"VERTU YORK        ","YORK RENAULT      VERTU YORK        ",1842110.39
28/11/2025,309455-45002268 GBP,"LIQUIDLINE LIMITED","Bank Giro Credit",223.47,"YORKSHIRE CANCER R","YORKSHIRE CANCER RYORKSHIRE CANCER R",1842333.86
28/11/2025,309455-45002268 GBP,"LIQUIDLINE LIMITED","Bank Giro Credit",223.86,"483305            ","EEL               483305            ",1842557.72
28/11/2025,309455-45002268 GBP,"LIQUIDLINE LIMITED","Bank Giro Credit",226.24,,"MARSHALL SKODA NOR",1842783.96
28/11/2025,309455-45002268 GBP,"LIQUIDLINE LIMITED","Bank Giro Credit",226.24,,"MARSHALL IPSWICH J",1843010.20
28/11/2025,309455-45002268 GBP,"LIQUIDLINE LIMITED","Bank Giro Credit",227.44,"SKODA BOLTON BACS ","RRG GROUP LIMITED SKODA BOLTON BACS ",1843237.64
28/11/2025,309455-45002268 GBP,"LIQUIDLINE LIMITED","Bank Giro Credit",227.76,"PMT0159257        ","EXPEDITORS INTERNAPMT0159257        ",1843465.40
28/11/2025,309455-45002268 GBP,"LIQUIDLINE LIMITED","Bank Giro Credit",228.00,"BACS REMITTANCE PL","LOWESTOFT AUDI    BACS REMITTANCE PL",1843693.40
28/11/2025,309455-45002268 GBP,"LIQUIDLINE LIMITED","Bank Giro Credit",229.60,,"MARSHALL MOTOR GRO",1843923.00
28/11/2025,309455-45002268 GBP,"LIQUIDLINE LIMITED","Bank Giro Credit",231.84,"INVOICE 788170    ","GARDEN AND PLNT   INVOICE 788170    ",1844154.84
28/11/2025,309455-45002268 GBP,"LIQUIDLINE LIMITED","Bank Giro Credit",232.96,"BACS REMITTANCE PL","SKODA READING     BACS REMITTANCE PL",1844387.80
28/11/2025,309455-45002268 GBP,"LIQUIDLINE LIMITED","Bank Giro Credit",234.00,"BACS REMITTANCE PL","S&Y COVENTRY      BACS REMITTANCE PL",1844621.80
28/11/2025,309455-45002268 GBP,"LIQUIDLINE LIMITED","Bank Giro Credit",234.78,"SI-779689         ","CLOUDCLEVR LTD    SI-779689         ",1844856.58
28/11/2025,309455-45002268 GBP,"LIQUIDLINE LIMITED","Bank Giro Credit",237.57,"BACS 28 11 25     ","VERTU VOLKSWAGEN  BACS 28/11/25     ",1845094.15
28/11/2025,309455-45002268 GBP,"LIQUIDLINE LIMITED","Bank Giro Credit",237.60,"JLR GUISELEY      ","FARNELL GUISELEY LJLR GUISELEY      ",1845331.75
28/11/2025,309455-45002268 GBP,"LIQUIDLINE LIMITED","Bank Giro Credit",240.18,"BACS REMITTANCE PL","SYTNER COVENTRY   BACS REMITTANCE PL",1845571.93
28/11/2025,309455-45002268 GBP,"LIQUIDLINE LIMITED","Bank Giro Credit",240.66,"BAUDER BAU001     ","BAUDER LIMITED    BAUDER BAU001     ",1845812.59
28/11/2025,309455-45002268 GBP,"LIQUIDLINE LIMITED","Bank Giro Credit",248.58,"BACS REMITTANCE PL","BEADLES BROMLEY LTBACS REMITTANCE PL",1846061.17
28/11/2025,309455-45002268 GBP,"LIQUIDLINE LIMITED","Bank Giro Credit",248.88,"PI EM 28 40       ","PRINCIPAL I NO 1  PI EM 28/40       ",1846310.05
28/11/2025,309455-45002268 GBP,"LIQUIDLINE LIMITED","Bank Giro Credit",249.96,"RRG OJ OLDHAM     ","RRG GROUP LIMITED RRG OJ OLDHAM     ",1846560.01
28/11/2025,309455-45002268 GBP,"LIQUIDLINE LIMITED","Bank Giro Credit",252.36,"W        H   F    ","W H F             W        H   F    ",1846812.37
28/11/2025,309455-45002268 GBP,"LIQUIDLINE LIMITED","Bank Giro Credit",254.16,"BACS REMITTANCE PL","BEADLES MAIDSTONE BACS REMITTANCE PL",1847066.53
28/11/2025,309455-45002268 GBP,"LIQUIDLINE LIMITED","Bank Giro Credit",255.36,,"MARSHALL MELTON   ",1847321.89
28/11/2025,309455-45002268 GBP,"LIQUIDLINE LIMITED","Bank Giro Credit",255.72,"SI-775499         ","SCHAWK UK LTD     SI-775499         ",1847577.61
28/11/2025,309455-45002268 GBP,"LIQUIDLINE LIMITED","Bank Giro Credit",255.94,"STACMAT           ","ST THOMAS AQUINAS STACMAT           ",1847833.55
28/11/2025,309455-45002268 GBP,"LIQUIDLINE LIMITED","Bank Giro Credit",256.30,"WF JLR            ","WATFORD JAGUAR    WF JLR            ",1848089.85
28/11/2025,309455-45002268 GBP,"LIQUIDLINE LIMITED","Bank Giro Credit",261.04,"ACCOUNT CODE 11976","VALIDUS RISK MANAGACCOUNT CODE 11976",1848350.89
28/11/2025,309455-45002268 GBP,"LIQUIDLINE LIMITED","Bank Giro Credit",265.65,"BACS REMITTANCE PL","COLCHESTER VW     BACS REMITTANCE PL",1848616.54
28/11/2025,309455-45002268 GBP,"LIQUIDLINE LIMITED","Bank Giro Credit",266.66,"13267             ","BST 4TH WIDNES NIS13267             ",1848883.20
28/11/2025,309455-45002268 GBP,"LIQUIDLINE LIMITED","Bank Giro Credit",268.76,"23791             ","SHREWSBURY JLR    23791             ",1849151.96
28/11/2025,309455-45002268 GBP,"LIQUIDLINE LIMITED","Bank Giro Credit",269.20,"VARC BACS 1       ","VARC LTD N        VARC BACS 1       ",1849421.16
28/11/2025,309455-45002268 GBP,"LIQUIDLINE LIMITED","Bank Giro Credit",270.00,"PRIME HOTELS UK LT","PRIME HOTELS UK LTPRIME HOTELS UK LT",1849691.16
28/11/2025,309455-45002268 GBP,"LIQUIDLINE LIMITED","Bank Giro Credit",271.41,"TOYOTA GUILDFORD  ","GROUP 1 RETAIL LTDTOYOTA GUILDFORD  ",1849962.57
28/11/2025,309455-45002268 GBP,"LIQUIDLINE LIMITED","Bank Giro Credit",271.63,"JLR BOLTON BACS   ","BOLTON JLR        JLR BOLTON BACS   ",1850234.20
28/11/2025,309455-45002268 GBP,"LIQUIDLINE LIMITED","Bank Giro Credit",272.57,"INV 795917 796124 ","TINDALL RILEY & COINV 795917 796124 ",1850506.77
28/11/2025,309455-45002268 GBP,"LIQUIDLINE LIMITED","Bank Giro Credit",281.71,"3050 0020005458 K ","NITERRA UK LTD.   3050 0020005458 K ",1850788.48
28/11/2025,309455-45002268 GBP,"LIQUIDLINE LIMITED","Bank Giro Credit",284.03,"13257             ","SUNDERLAND  DURHAM13257             ",1851072.51
28/11/2025,309455-45002268 GBP,"LIQUIDLINE LIMITED","Bank Giro Credit",286.38,"RRGTOYOTASTOCKPORT","RRG GROUP LIMITED RRGTOYOTASTOCKPORT",1851358.89
28/11/2025,309455-45002268 GBP,"LIQUIDLINE LIMITED","Bank Giro Credit",290.08,,"MARSHALL SKODA MK ",1851648.97
28/11/2025,309455-45002268 GBP,"LIQUIDLINE LIMITED","Bank Giro Credit",291.45,"RRG KIA BURY      ","RRG GROUP LIMITED RRG KIA BURY      ",1851940.42
28/11/2025,309455-45002268 GBP,"LIQUIDLINE LIMITED","Bank Giro Credit",293.05,"LLOYD SKODA       ","LLOYD SKODA CARLISLLOYD SKODA       ",1852233.47
28/11/2025,309455-45002268 GBP,"LIQUIDLINE LIMITED","Bank Giro Credit",294.81,"BACS WEST BROM    ","B ST 1ST W BROM   BACS WEST BROM    ",1852528.28
28/11/2025,309455-45002268 GBP,"LIQUIDLINE LIMITED","Bank Giro Credit",297.58,"BACS REMITTANCE PL","JCB MEDWAY LTD    BACS REMITTANCE PL",1852825.86
28/11/2025,309455-45002268 GBP,"LIQUIDLINE LIMITED","Bank Giro Credit",297.69,"BACS 28 11 2025   ","DARLO S/S         BACS 28/11/2025   ",1853123.55
28/11/2025,309455-45002268 GBP,"LIQUIDLINE LIMITED","Bank Giro Credit",298.89,"BACS REMITTANCE PL","DUNFERMLINE       BACS REMITTANCE PL",1853422.44
28/11/2025,309455-45002268 GBP,"LIQUIDLINE LIMITED","Bank Giro Credit",300.00,"60   0000402980 K ","PERI GBR          60   0000402980 K ",1853722.44
28/11/2025,309455-45002268 GBP,"LIQUIDLINE LIMITED","Bank Giro Credit",301.60,"13245             ","OXFORD PEUGEOT    13245             ",1854024.04
28/11/2025,309455-45002268 GBP,"LIQUIDLINE LIMITED","Bank Giro Credit",307.94,"HISCOX            ","6061960           HISCOX            ",1854331.98
28/11/2025,309455-45002268 GBP,"LIQUIDLINE LIMITED","Bank Giro Credit",308.40,"ACCOUNT 122346    ","ST AUSTELL BREWERYACCOUNT 122346    ",1854640.38
28/11/2025,309455-45002268 GBP,"LIQUIDLINE LIMITED","Bank Giro Credit",312.26,"PEUGEOT DERBY     ","DERBY PEUGEOT     PEUGEOT DERBY     ",1854952.64
28/11/2025,309455-45002268 GBP,"LIQUIDLINE LIMITED","Bank Giro Credit",315.24,"RRG DENTON BACS PL","RRG GROUP LIMITED RRG DENTON BACS PL",1855267.88
28/11/2025,309455-45002268 GBP,"LIQUIDLINE LIMITED","Bank Giro Credit",316.97,"BACS REMITTANCE PL","THINK FORD NEWBURYBACS REMITTANCE PL",1855584.85
28/11/2025,309455-45002268 GBP,"LIQUIDLINE LIMITED","Bank Giro Credit",320.82,"QWERTY            ","QWERTY LIMITED    QWERTY            ",1855905.67
28/11/2025,309455-45002268 GBP,"LIQUIDLINE LIMITED","Bank Giro Credit",321.08,"GP1 TOY WIRR      ","BEADLES TOYOTA W  GP1 TOY WIRR      ",1856226.75
28/11/2025,309455-45002268 GBP,"LIQUIDLINE LIMITED","Bank Giro Credit",324.80,"BACS REMITTANCE PL","SKODA NEWBURY     BACS REMITTANCE PL",1856551.55
28/11/2025,309455-45002268 GBP,"LIQUIDLINE LIMITED","Bank Giro Credit",325.62,"--                ","AIRFLOW DEVELOPMEN--                ",1856877.17
28/11/2025,309455-45002268 GBP,"LIQUIDLINE LIMITED","Bank Giro Credit",332.15,"BACS REMITTANCE PL","JCB VOLKSWAGEN    BACS REMITTANCE PL",1857209.32
28/11/2025,309455-45002268 GBP,"LIQUIDLINE LIMITED","Bank Giro Credit",333.60,"ROUSANT 17119     ","ROUSANT SHERWOOD LROUSANT 17119     ",1857542.92
28/11/2025,309455-45002268 GBP,"LIQUIDLINE LIMITED","Bank Giro Credit",334.68,"BACS REMITTANCE PL","HAROLD WOOD AUDI  BACS REMITTANCE PL",1857877.60
28/11/2025,309455-45002268 GBP,"LIQUIDLINE LIMITED","Bank Giro Credit",335.39,"CHESTERFIELD BACS ","CHESTERFIELD LANDRCHESTERFIELD BACS ",1858212.99
28/11/2025,309455-45002268 GBP,"LIQUIDLINE LIMITED","Bank Giro Credit",335.52,"BACS REMITTANCE PL","NOTTINGHAM RENAULTBACS REMITTANCE PL",1858548.51
28/11/2025,309455-45002268 GBP,"LIQUIDLINE LIMITED","Bank Giro Credit",347.49,"BACS REMITTANCE PL","JCB ASHFORD VAN C BACS REMITTANCE PL",1858896.00
28/11/2025,309455-45002268 GBP,"LIQUIDLINE LIMITED","Bank Giro Credit",349.27,"SI-788440         ","THE GYM LIMITED   SI-788440         ",1859245.27
28/11/2025,309455-45002268 GBP,"LIQUIDLINE LIMITED","Bank Giro Credit",351.33,"UNDERWOODS SUDBURY","UNDERWOODS SUDBURYUNDERWOODS SUDBURY",1859596.60
28/11/2025,309455-45002268 GBP,"LIQUIDLINE LIMITED","Bank Giro Credit",352.84,"SI-783856         ","KILI SHOW        BSI-783856         ",1859949.44
28/11/2025,309455-45002268 GBP,"LIQUIDLINE LIMITED","Bank Giro Credit",355.56,,"EQUANS SERVICES LI",1860305.00
28/11/2025,309455-45002268 GBP,"LIQUIDLINE LIMITED","Bank Giro Credit",355.80,"LIFEPLUS EUROPE   ","LIFEPLUS EUROPE LILIFEPLUS EUROPE   ",1860660.80
28/11/2025,309455-45002268 GBP,"LIQUIDLINE LIMITED","Bank Giro Credit",355.84,"ASHTONS LLP       ","ASHTONS LEGAL LLP ASHTONS LLP       ",1861016.64
28/11/2025,309455-45002268 GBP,"LIQUIDLINE LIMITED","Bank Giro Credit",360.00,"ALEXANDERS YORK   ","DAPRA Y LTD T/AS  ALEXANDERS YORK   ",1861376.64
28/11/2025,309455-45002268 GBP,"LIQUIDLINE LIMITED","Bank Giro Credit",360.36,,"STEERDAVIES&GLEAVE",1861737.00
28/11/2025,309455-45002268 GBP,"LIQUIDLINE LIMITED","Bank Giro Credit",363.24,"TRIUMPH WEST      ","LIND TRIUMPH LTD  TRIUMPH WEST      ",1862100.24
28/11/2025,309455-45002268 GBP,"LIQUIDLINE LIMITED","Bank Giro Credit",365.95,"SI-794315         ","SAMSUNG ELEC UK   SI-794315         ",1862466.19
28/11/2025,309455-45002268 GBP,"LIQUIDLINE LIMITED","Bank Giro Credit",367.39,"ORMISTON ACADEMIES","ORMISTON ACADEMIESORMISTON ACADEMIES",1862833.58
28/11/2025,309455-45002268 GBP,"LIQUIDLINE LIMITED","Bank Giro Credit",368.64,"1153841754        ","LEYLAND TRUCKS LIM1153841754        ",1863202.22
28/11/2025,309455-45002268 GBP,"LIQUIDLINE LIMITED","Bank Giro Credit",370.04,"BACS REMITTANCE PL","NORTON WAY HONDA  BACS REMITTANCE PL",1863572.26
28/11/2025,309455-45002268 GBP,"LIQUIDLINE LIMITED","Bank Giro Credit",371.28,"CE LTD 5338       ","CAM ENTERPRISE    CE LTD 5338       ",1863943.54
28/11/2025,309455-45002268 GBP,"LIQUIDLINE LIMITED","Bank Giro Credit",371.51,"ANDRON            ","ANDRON CONTRACT SEANDRON            ",1864315.05
28/11/2025,309455-45002268 GBP,"LIQUIDLINE LIMITED","Bank Giro Credit",375.35,"G56205            ","WESTGATE GLOBAL LTG56205            ",1864690.40
28/11/2025,309455-45002268 GBP,"LIQUIDLINE LIMITED","Bank Giro Credit",380.02,,"LEICESTER SEAT    ",1865070.42
28/11/2025,309455-45002268 GBP,"LIQUIDLINE LIMITED","Bank Giro Credit",380.40,"020591 - GORDONSTO","GORDONSTOUN SCHOOL020591 - GORDONSTO",1865450.82
28/11/2025,309455-45002268 GBP,"LIQUIDLINE LIMITED","Bank Giro Credit",383.63,"13178 13177       ","CARLISLE MULTI    13178 13177       ",1865834.45
28/11/2025,309455-45002268 GBP,"LIQUIDLINE LIMITED","Bank Giro Credit",384.48,"779620            ","M CHISNALL & SONS 779620            ",1866218.93
28/11/2025,309455-45002268 GBP,"LIQUIDLINE LIMITED","Bank Giro Credit",385.85,"BACS REMITTANCE PL","STANSTED AUDI     BACS REMITTANCE PL",1866604.78
28/11/2025,309455-45002268 GBP,"LIQUIDLINE LIMITED","Bank Giro Credit",390.00,"LI178             ","OVERBURY PLC      LI178             ",1866994.78
28/11/2025,309455-45002268 GBP,"LIQUIDLINE LIMITED","Bank Giro Credit",390.92,"JCT600 AUDI       ","JCT600 LIMITED    JCT600 AUDI       ",1867385.70
28/11/2025,309455-45002268 GBP,"LIQUIDLINE LIMITED","Bank Giro Credit",391.01," 4314             ","PETER COOPER GROUP 4314             ",1867776.71
28/11/2025,309455-45002268 GBP,"LIQUIDLINE LIMITED","Bank Giro Credit",392.00,,"MARSHALL CAMBRIDGE",1868168.71
28/11/2025,309455-45002268 GBP,"LIQUIDLINE LIMITED","Bank Giro Credit",393.20,"CAM GP1 BMW BACS  ","BARONS CAMBRIDGE  CAM GP1 BMW BACS  ",1868561.91
28/11/2025,309455-45002268 GBP,"LIQUIDLINE LIMITED","Bank Giro Credit",393.43,"BACS RUN 30.11    ","FAIRFIELD G LTD T/BACS RUN 30.11    ",1868955.34
28/11/2025,309455-45002268 GBP,"LIQUIDLINE LIMITED","Bank Giro Credit",393.94,"1153818594        ","NESTA             1153818594        ",1869349.28
28/11/2025,309455-45002268 GBP,"LIQUIDLINE LIMITED","Bank Giro Credit",402.32,"FSMS              ","FIVE SISTERS      FSMS              ",1869751.60
28/11/2025,309455-45002268 GBP,"LIQUIDLINE LIMITED","Bank Giro Credit",403.50,"0                 ","AUTO TRADER LIMITE0                 ",1870155.10
28/11/2025,309455-45002268 GBP,"LIQUIDLINE LIMITED","Bank Giro Credit",405.64,"BACS REMITTANCE PL","BEADLES COULSDON LBACS REMITTANCE PL",1870560.74
28/11/2025,309455-45002268 GBP,"LIQUIDLINE LIMITED","Bank Giro Credit",406.49,"BACS REMITTANCE PL","EDINBURGH HYUNDAI BACS REMITTANCE PL",1870967.23
28/11/2025,309455-45002268 GBP,"LIQUIDLINE LIMITED","Bank Giro Credit",407.66,"HONDA BRAD HUDD   ","BRADFORD HONDA    HONDA BRAD/HUDD   ",1871374.89
28/11/2025,309455-45002268 GBP,"LIQUIDLINE LIMITED","Bank Giro Credit",408.00,,"DALL CLEAN SERV PL",1871782.89
28/11/2025,309455-45002268 GBP,"LIQUIDLINE LIMITED","Bank Giro Credit",409.46,"VERTU BRADFORD    ","BRADFORD          VERTU BRADFORD    ",1872192.35
28/11/2025,309455-45002268 GBP,"LIQUIDLINE LIMITED","Bank Giro Credit",414.94,"LINDUM            ","LINDUM PACKAGING  LINDUM            ",1872607.29
28/11/2025,309455-45002268 GBP,"LIQUIDLINE LIMITED","Bank Giro Credit",415.40,"TRF20251125       ","FISC HEALTHCARE LITRF20251125       ",1873022.69
28/11/2025,309455-45002268 GBP,"LIQUIDLINE LIMITED","Bank Giro Credit",415.96,"BACS REMITTANCE PL","SOUTHEND AUDI     BACS REMITTANCE PL",1873438.65
28/11/2025,309455-45002268 GBP,"LIQUIDLINE LIMITED","Bank Giro Credit",420.00,,"THE WASTE AND RESO",1873858.65
28/11/2025,309455-45002268 GBP,"LIQUIDLINE LIMITED","Bank Giro Credit",421.06,"JLR LEEDS BACS RUN","FARNELL LEEDS     JLR LEEDS BACS RUN",1874279.71
28/11/2025,309455-45002268 GBP,"LIQUIDLINE LIMITED","Bank Giro Credit",422.26,"BEACONSFD AYLESBUR","BEACONSFIELD MER  BEACONSFD/AYLESBUR",1874701.97
28/11/2025,309455-45002268 GBP,"LIQUIDLINE LIMITED","Bank Giro Credit",423.14,"SI-788048         ","ONCE FOR ALL LIMITSI-788048         ",1875125.11
28/11/2025,309455-45002268 GBP,"LIQUIDLINE LIMITED","Bank Giro Credit",423.16,"481909            ","HSBC PORTHAVEN    481909            ",1875548.27
28/11/2025,309455-45002268 GBP,"LIQUIDLINE LIMITED","Bank Giro Credit",428.55,"BACS REMITTANCE PL","HATFIELD AUDI     BACS REMITTANCE PL",1875976.82
28/11/2025,309455-45002268 GBP,"LIQUIDLINE LIMITED","Bank Giro Credit",430.66,"VARIOUS INVOICES  ","CASIO ELECTRONICS VARIOUS INVOICES  ",1876407.48
28/11/2025,309455-45002268 GBP,"LIQUIDLINE LIMITED","Bank Giro Credit",432.62,"SI-787724 SI-78816","CORPS SECURITY    SI-787724 SI-78816",1876840.10
28/11/2025,309455-45002268 GBP,"LIQUIDLINE LIMITED","Bank Giro Credit",437.56,"GONVILLE & CAIUS  ","GONVILLE & CAIUS  GONVILLE & CAIUS  ",1877277.66
28/11/2025,309455-45002268 GBP,"LIQUIDLINE LIMITED","Bank Giro Credit",440.20,"505967620         ","CARDNET  505967620505967620         ",1877717.86
28/11/2025,309455-45002268 GBP,"LIQUIDLINE LIMITED","Bank Giro Credit",440.74,"PARKS TOWNHEAD WB ","PARKS TOWNHEAD LTDPARKS TOWNHEAD WB ",1878158.60
28/11/2025,309455-45002268 GBP,"LIQUIDLINE LIMITED","Bank Giro Credit",443.76,"SEAT IPSWICH BACS ","IPSWICH SEAT      SEAT IPSWICH BACS ",1878602.36
28/11/2025,309455-45002268 GBP,"LIQUIDLINE LIMITED","Bank Giro Credit",446.88,"GB998354355       ","TATA COMMUNICATIONGB998354355       ",1879049.24
28/11/2025,309455-45002268 GBP,"LIQUIDLINE LIMITED","Bank Giro Credit",447.23,"13205             ","VERTU MOTORS VMC  13205             ",1879496.47
28/11/2025,309455-45002268 GBP,"LIQUIDLINE LIMITED","Bank Giro Credit",451.13,"AMWINS G R LTD    ","AMWINS GLOBAL RISKAMWINS G R LTD    ",1879947.60
28/11/2025,309455-45002268 GBP,"LIQUIDLINE LIMITED","Bank Giro Credit",455.40,"SI-779355         ","INTO LONDON MDX STSI-779355         ",1880403.00
28/11/2025,309455-45002268 GBP,"LIQUIDLINE LIMITED","Bank Giro Credit",460.26,"1153803033        ","MAXWOOD WASHROOMS 1153803033        ",1880863.26
28/11/2025,309455-45002268 GBP,"LIQUIDLINE LIMITED","Bank Giro Credit",462.18,"BACS REMITTANCE PL","BANBURY BH BP     BACS REMITTANCE PL",1881325.44
28/11/2025,309455-45002268 GBP,"LIQUIDLINE LIMITED","Bank Giro Credit",462.55,"74000916702025    ","BEKO PLC          74000916702025    ",1881787.99
28/11/2025,309455-45002268 GBP,"LIQUIDLINE LIMITED","Bank Giro Credit",470.35,"13251             ","CHESTERFIELD VAUX 13251             ",1882258.34
28/11/2025,309455-45002268 GBP,"LIQUIDLINE LIMITED","Bank Giro Credit",470.78,"B6A2C9597BE546118F","DART TOOL GROUP LTB6A2C9597BE546118F",1882729.12
28/11/2025,309455-45002268 GBP,"LIQUIDLINE LIMITED","Bank Giro Credit",471.22,"BACS REMITTANCE PL","HATFIELD SEAT     BACS REMITTANCE PL",1883200.34
28/11/2025,309455-45002268 GBP,"LIQUIDLINE LIMITED","Bank Giro Credit",474.28,"240144            ","INFORMATICA SOFTWA240144            ",1883674.62
28/11/2025,309455-45002268 GBP,"LIQUIDLINE LIMITED","Bank Giro Credit",474.84,"BACS REMITTANCE PL","FINCHLEY ROAD AU  BACS REMITTANCE PL",1884149.46
28/11/2025,309455-45002268 GBP,"LIQUIDLINE LIMITED","Bank Giro Credit",475.13,"SUPPLIERS 28.11.25","SEA-KIT           SUPPLIERS 28.11.25",1884624.59
28/11/2025,309455-45002268 GBP,"LIQUIDLINE LIMITED","Bank Giro Credit",476.07,,"SID SUSSEX BURSA B",1885100.66
28/11/2025,309455-45002268 GBP,"LIQUIDLINE LIMITED","Bank Giro Credit",479.16,"UK00 6501001473 K ","BUK-GBP           UK00 6501001473 K ",1885579.82
28/11/2025,309455-45002268 GBP,"LIQUIDLINE LIMITED","Bank Giro Credit",481.41,"BACS REMITTANCE PL","CITYGATE          BACS REMITTANCE PL",1886061.23
28/11/2025,309455-45002268 GBP,"LIQUIDLINE LIMITED","Bank Giro Credit",483.33,"TRIUMPH EAST LONDO","LIND TRIUMPH LTD  TRIUMPH EAST LONDO",1886544.56
28/11/2025,309455-45002268 GBP,"LIQUIDLINE LIMITED","Bank Giro Credit",483.42,"ACC 20124         ","GREENHOUS CHERY   ACC 20124         ",1887027.98
28/11/2025,309455-45002268 GBP,"LIQUIDLINE LIMITED","Bank Giro Credit",494.21,"V12 FOOTWEAR LTD  ","V12 FOOTWEAR LIMITV12 FOOTWEAR LTD  ",1887522.19
28/11/2025,309455-45002268 GBP,"LIQUIDLINE LIMITED","Bank Giro Credit",495.18,"BACS REMITTANCE PL","FORD REATIL LTD   BACS REMITTANCE PL",1888017.37
28/11/2025,309455-45002268 GBP,"LIQUIDLINE LIMITED","Bank Giro Credit",495.22,"VERTU NEWC HEX    ","BRISTOL ST NEWCASTVERTU NEWC HEX    ",1888512.59
28/11/2025,309455-45002268 GBP,"LIQUIDLINE LIMITED","Bank Giro Credit",513.62,"CTLIQ001       GBP","GIRTON COLLEGE    CTLIQ001       GBP",1889026.21
28/11/2025,309455-45002268 GBP,"LIQUIDLINE LIMITED","Bank Giro Credit",522.94,"BERENDSEN UK LTD P","ELIS UK           BERENDSEN UK LTD P",1889549.15
28/11/2025,309455-45002268 GBP,"LIQUIDLINE LIMITED","Bank Giro Credit",529.81,"PEEL L&P -PORTS NO","PEEL LAND PROPERTYPEEL L&P -PORTS NO",1890078.96
28/11/2025,309455-45002268 GBP,"LIQUIDLINE LIMITED","Bank Giro Credit",531.77,"BACS REMITTANCE PL","CITROEN           BACS REMITTANCE PL",1890610.73
28/11/2025,309455-45002268 GBP,"LIQUIDLINE LIMITED","Bank Giro Credit",532.58,"TPB261154         ","TEFCOLD UK LIMITEDTPB261154         ",1891143.31
28/11/2025,309455-45002268 GBP,"LIQUIDLINE LIMITED","Bank Giro Credit",533.55,"BACS REMITTANCE PL","LOWESTOFT VW      BACS REMITTANCE PL",1891676.86
28/11/2025,309455-45002268 GBP,"LIQUIDLINE LIMITED","Bank Giro Credit",537.04,"BACS REMITTANCE PL","VERTU MOTORS PLC  BACS REMITTANCE PL",1892213.90
28/11/2025,309455-45002268 GBP,"LIQUIDLINE LIMITED","Bank Giro Credit",542.08,"OCT INVOICES      ","SUT PARK BURTON   OCT INVOICES      ",1892755.98
28/11/2025,309455-45002268 GBP,"LIQUIDLINE LIMITED","Bank Giro Credit",542.90,"021442 - HAILEYBUR","HAILEYBURY COLLEGE021442 - HAILEYBUR",1893298.88
28/11/2025,309455-45002268 GBP,"LIQUIDLINE LIMITED","Bank Giro Credit",545.12,"DURHAM FORD NOV 25","DURHAM FORD       DURHAM FORD NOV 25",1893844.00
28/11/2025,309455-45002268 GBP,"LIQUIDLINE LIMITED","Bank Giro Credit",551.40,"LIQ001            ","GLEESON DEV LTD   LIQ001            ",1894395.40
28/11/2025,309455-45002268 GBP,"LIQUIDLINE LIMITED","Bank Giro Credit",551.84,"SKR BACS          ","RRG GROUP LIMITED SKR BACS          ",1894947.24
28/11/2025,309455-45002268 GBP,"LIQUIDLINE LIMITED","Bank Giro Credit",554.40,"BACS REMITTANCE PL","S.G. SMITH AUTOMOTBACS REMITTANCE PL",1895501.64
28/11/2025,309455-45002268 GBP,"LIQUIDLINE LIMITED","Bank Giro Credit",554.93,"BACS REMITTANCE PL","WAYLANDS AUTOMOTIVBACS REMITTANCE PL",1896056.57
28/11/2025,309455-45002268 GBP,"LIQUIDLINE LIMITED","Bank Giro Credit",557.38,"HARTWELL PLC      ","HARTWELL PLC      HARTWELL PLC      ",1896613.95
28/11/2025,309455-45002268 GBP,"LIQUIDLINE LIMITED","Bank Giro Credit",557.76,,"NOTTINGHAM VOLVO  ",1897171.71
28/11/2025,309455-45002268 GBP,"LIQUIDLINE LIMITED","Bank Giro Credit",559.35,"BACS 28 11 25     ","HEREFORD AUDI     BACS 28/11/25     ",1897731.06
28/11/2025,309455-45002268 GBP,"LIQUIDLINE LIMITED","Bank Giro Credit",561.80,"BACS REMITTANCE PL","FORD RETAIL       BACS REMITTANCE PL",1898292.86
28/11/2025,309455-45002268 GBP,"LIQUIDLINE LIMITED","Bank Giro Credit",563.79,"0300 2000126994 K ","PURE FISHING  UK  0300 2000126994 K ",1898856.65
28/11/2025,309455-45002268 GBP,"LIQUIDLINE LIMITED","Bank Giro Credit",565.84,"17187             ","OPTIONS MANAGEMENT17187             ",1899422.49
28/11/2025,309455-45002268 GBP,"LIQUIDLINE LIMITED","Bank Giro Credit",569.06,"BACS REMITTANCE PL","CHESTERFIELD TOYOTBACS REMITTANCE PL",1899991.55
28/11/2025,309455-45002268 GBP,"LIQUIDLINE LIMITED","Bank Giro Credit",573.63,"BACS REMITTANCE PL","HEAD OFFICE       BACS REMITTANCE PL",1900565.18
28/11/2025,309455-45002268 GBP,"LIQUIDLINE LIMITED","Bank Giro Credit",575.99,"SI-787135 SI-78793","SMI INT GROUP LIMISI-787135 SI-78793",1901141.17
28/11/2025,309455-45002268 GBP,"LIQUIDLINE LIMITED","Bank Giro Credit",576.98,"BRIDGWATER BACS   ","BRIDGWATER        BRIDGWATER BACS   ",1901718.15
28/11/2025,309455-45002268 GBP,"LIQUIDLINE LIMITED","Bank Giro Credit",583.52,"BACS REMITTANCE PL","VW NEWBURY        BACS REMITTANCE PL",1902301.67
28/11/2025,309455-45002268 GBP,"LIQUIDLINE LIMITED","Bank Giro Credit",585.24,"BACS REMITTANCE PL","TOYOTA LSHIRE     BACS REMITTANCE PL",1902886.91
28/11/2025,309455-45002268 GBP,"LIQUIDLINE LIMITED","Bank Giro Credit",594.52,"WORCESTER BYD     ","WORCESTER BYD     WORCESTER BYD     ",1903481.43
28/11/2025,309455-45002268 GBP,"LIQUIDLINE LIMITED","Bank Giro Credit",598.23,"HAR002            ","LIND US LIMITED   HAR002            ",1904079.66
28/11/2025,309455-45002268 GBP,"LIQUIDLINE LIMITED","Bank Giro Credit",605.42,"BACS REMITTANCE PL","BEADLES DARTFORD LBACS REMITTANCE PL",1904685.08
28/11/2025,309455-45002268 GBP,"LIQUIDLINE LIMITED","Bank Giro Credit",621.21,"BACS REMITTANCE PL","MANSFIELD         BACS REMITTANCE PL",1905306.29
28/11/2025,309455-45002268 GBP,"LIQUIDLINE LIMITED","Bank Giro Credit",629.82,"GLOBALLOGIC CORP. ","GLOBALLOGIC CORP. GLOBALLOGIC CORP. ",1905936.11
28/11/2025,309455-45002268 GBP,"LIQUIDLINE LIMITED","Bank Giro Credit",638.08,"BACS REMITTANCE PL","CHELMSFORD AUDI   BACS REMITTANCE PL",1906574.19
28/11/2025,309455-45002268 GBP,"LIQUIDLINE LIMITED","Bank Giro Credit",644.94,"S00877            ","ORGANOX LTD       S00877            ",1907219.13
28/11/2025,309455-45002268 GBP,"LIQUIDLINE LIMITED","Bank Giro Credit",648.42,"BACS REMITTANCE PL","CHINGFORD AUDI    BACS REMITTANCE PL",1907867.55
28/11/2025,309455-45002268 GBP,"LIQUIDLINE LIMITED","Bank Giro Credit",650.40,"BACS REMITTANCE PL","GWR KIA           BACS REMITTANCE PL",1908517.95
28/11/2025,309455-45002268 GBP,"LIQUIDLINE LIMITED","Bank Giro Credit",654.08,"BACS REMITTANCE PL","MARSHALL FORD     BACS REMITTANCE PL",1909172.03
28/11/2025,309455-45002268 GBP,"LIQUIDLINE LIMITED","Bank Giro Credit",658.69,"BACS REMITTANCE PL","THINK FORD BASINGSBACS REMITTANCE PL",1909830.72
28/11/2025,309455-45002268 GBP,"LIQUIDLINE LIMITED","Bank Giro Credit",664.28,"BACS REMITTANCE PL","FORD RETAIL       BACS REMITTANCE PL",1910495.00
28/11/2025,309455-45002268 GBP,"LIQUIDLINE LIMITED","Bank Giro Credit",669.59,,"COLLIERS INTERNATI",1911164.59
28/11/2025,309455-45002268 GBP,"LIQUIDLINE LIMITED","Bank Giro Credit",674.04,"ACC 8503          ","LIND AG LIMITED   ACC 8503          ",1911838.63
28/11/2025,309455-45002268 GBP,"LIQUIDLINE LIMITED","Bank Giro Credit",678.72,"BACS REMITTANCE PL","S.G. SMITH AUTOMOTBACS REMITTANCE PL",1912517.35
28/11/2025,309455-45002268 GBP,"LIQUIDLINE LIMITED","Bank Giro Credit",690.00,,"WINDRUSH GARAGE L ",1913207.35
28/11/2025,309455-45002268 GBP,"LIQUIDLINE LIMITED","Bank Giro Credit",690.00,"HARROW BUSINESS   ","HARROW BUS SER LTDHARROW BUSINESS   ",1913897.35
28/11/2025,309455-45002268 GBP,"LIQUIDLINE LIMITED","Bank Giro Credit",691.56,"L P FOREMAN       ","LP FOREMAN & SON  L P FOREMAN       ",1914588.91
28/11/2025,309455-45002268 GBP,"LIQUIDLINE LIMITED","Bank Giro Credit",697.72,"BACS 31 10 2025   ","DERBY SKODA       BACS 31/10/2025   ",1915286.63
28/11/2025,309455-45002268 GBP,"LIQUIDLINE LIMITED","Bank Giro Credit",703.21,,"MPS PAYMENTS      ",1915989.84
28/11/2025,309455-45002268 GBP,"LIQUIDLINE LIMITED","Bank Giro Credit",707.00,"HEX BACS          ","KANDYTOYS LTD     HEX BACS          ",1916696.84
28/11/2025,309455-45002268 GBP,"LIQUIDLINE LIMITED","Bank Giro Credit",719.50,"BACS REMITTANCE PL","SYTNER TAMWORTH   BACS REMITTANCE PL",1917416.34
28/11/2025,309455-45002268 GBP,"LIQUIDLINE LIMITED","Bank Giro Credit",722.18,"BACS REMITTANCE PL","WATFORD AUDI      BACS REMITTANCE PL",1918138.52
28/11/2025,309455-45002268 GBP,"LIQUIDLINE LIMITED","Bank Giro Credit",726.49,"SKODA NORWICH BACS","NORWICH SKODA     SKODA NORWICH BACS",1918865.01
28/11/2025,309455-45002268 GBP,"LIQUIDLINE LIMITED","Bank Giro Credit",726.67,"481798            ","HSBC PORTHAVEN    481798            ",1919591.68
28/11/2025,309455-45002268 GBP,"LIQUIDLINE LIMITED","Bank Giro Credit",734.18,"VINK UK LIMITED   ","VINK PAYMENTS     VINK UK LIMITED   ",1920325.86
28/11/2025,309455-45002268 GBP,"LIQUIDLINE LIMITED","Bank Giro Credit",734.72,"MERCEDES SOUTH PC ","MARSHALL SOUTH PC MERCEDES SOUTH PC ",1921060.58
28/11/2025,309455-45002268 GBP,"LIQUIDLINE LIMITED","Bank Giro Credit",738.64,"BMW BRIGHTON GP1  ","CHAND R BTON 1    BMW BRIGHTON GP1  ",1921799.22
28/11/2025,309455-45002268 GBP,"LIQUIDLINE LIMITED","Bank Giro Credit",743.94,"BACS REMITTANCE PL","MAZDA YORKSHIRE   BACS REMITTANCE PL",1922543.16
28/11/2025,309455-45002268 GBP,"LIQUIDLINE LIMITED","Bank Giro Credit",746.46,"HOLLAND & BARRETT ","HOLLAND & BARRETT HOLLAND & BARRETT ",1923289.62
28/11/2025,309455-45002268 GBP,"LIQUIDLINE LIMITED","Bank Giro Credit",756.35," 17717            ","PETER COOPER GROUP 17717            ",1924045.97
28/11/2025,309455-45002268 GBP,"LIQUIDLINE LIMITED","Bank Giro Credit",759.60,"MITIE FM LIMITED  ","MITIE FM LTD      MITIE FM LIMITED  ",1924805.57
28/11/2025,309455-45002268 GBP,"LIQUIDLINE LIMITED","Bank Giro Credit",769.12,"STRONGDOR         ","STRONGDOR LIMITED STRONGDOR         ",1925574.69
28/11/2025,309455-45002268 GBP,"LIQUIDLINE LIMITED","Bank Giro Credit",775.24,"FAIRFIELD         ","FAIRFIELD FARM COLFAIRFIELD         ",1926349.93
28/11/2025,309455-45002268 GBP,"LIQUIDLINE LIMITED","Bank Giro Credit",776.05,"BACS REMITTANCE PL","WAYLANDS AUTOMOTIVBACS REMITTANCE PL",1927125.98
28/11/2025,309455-45002268 GBP,"LIQUIDLINE LIMITED","Bank Giro Credit",781.84,"NUFFIELD FNDN     ","NUFFIELD FND ADMINNUFFIELD FNDN     ",1927907.82
28/11/2025,309455-45002268 GBP,"LIQUIDLINE LIMITED","Bank Giro Credit",789.43,,"BRODERICK GROUP L ",1928697.25
28/11/2025,309455-45002268 GBP,"LIQUIDLINE LIMITED","Bank Giro Credit",795.11,,"W MIDLANDS TRAINS ",1929492.36
28/11/2025,309455-45002268 GBP,"LIQUIDLINE LIMITED","Bank Giro Credit",801.59,"BACS REMITTANCE PL","WHETSTONE AUDI    BACS REMITTANCE PL",1930293.95
28/11/2025,309455-45002268 GBP,"LIQUIDLINE LIMITED","Bank Giro Credit",802.33,"BACS REMITTANCE PL","FORD RETAIL       BACS REMITTANCE PL",1931096.28
28/11/2025,309455-45002268 GBP,"LIQUIDLINE LIMITED","Bank Giro Credit",811.58,"SEE REMIT         ","MOTUS CM FSSC     SEE REMIT         ",1931907.86
28/11/2025,309455-45002268 GBP,"LIQUIDLINE LIMITED","Bank Giro Credit",818.72,,"MARSHALL HULL     ",1932726.58
28/11/2025,309455-45002268 GBP,"LIQUIDLINE LIMITED","Bank Giro Credit",818.89,"RRG TOYOTA ROCHDAL","RRG GROUP LIMITED RRG TOYOTA ROCHDAL",1933545.47
28/11/2025,309455-45002268 GBP,"LIQUIDLINE LIMITED","Bank Giro Credit",822.84,"SIDCUP JLR        ","BEADLES SIDCUP LTDSIDCUP JLR        ",1934368.31
28/11/2025,309455-45002268 GBP,"LIQUIDLINE LIMITED","Bank Giro Credit",843.35,"146763            ","FOOT ANSTEY       146763            ",1935211.66
28/11/2025,309455-45002268 GBP,"LIQUIDLINE LIMITED","Bank Giro Credit",855.60,"ST GEMMAS         ","ST GEMMAS         ST GEMMAS         ",1936067.26
28/11/2025,309455-45002268 GBP,"LIQUIDLINE LIMITED","Bank Giro Credit",862.30,,"THURLOW NUNN LIMI ",1936929.56
28/11/2025,309455-45002268 GBP,"LIQUIDLINE LIMITED","Bank Giro Credit",868.94,"SUNDERLAND BMW    ","VERTU SUNDERLAND  SUNDERLAND BMW    ",1937798.50
28/11/2025,309455-45002268 GBP,"LIQUIDLINE LIMITED","Bank Giro Credit",873.64,"12256             ","MILFORD WATERFRONT12256             ",1938672.14
28/11/2025,309455-45002268 GBP,"LIQUIDLINE LIMITED","Bank Giro Credit",873.65,"GRANT UK ACC14736 ","GRANT ENGINEERING GRANT UK ACC14736 ",1939545.79
28/11/2025,309455-45002268 GBP,"LIQUIDLINE LIMITED","Bank Giro Credit",879.24,"TEESSIDE BACS  1  ","TEESSIDE BMW MINI TEESSIDE BACS  1  ",1940425.03
28/11/2025,309455-45002268 GBP,"LIQUIDLINE LIMITED","Bank Giro Credit",881.77,"BACS REMITTANCE PL","HAMIL TOYOTA & MAZBACS REMITTANCE PL",1941306.80
28/11/2025,309455-45002268 GBP,"LIQUIDLINE LIMITED","Bank Giro Credit",882.54,"M        L   12707","MONITRAN LTD      M        L   12707",1942189.34
28/11/2025,309455-45002268 GBP,"LIQUIDLINE LIMITED","Bank Giro Credit",883.49,"VERTU EXETER BMW  ","EXETER            VERTU EXETER BMW  ",1943072.83
28/11/2025,309455-45002268 GBP,"LIQUIDLINE LIMITED","Bank Giro Credit",884.81,"112825 1145 L02006","CAFFYNS PLC       112825 1145 L02006",1943957.64
28/11/2025,309455-45002268 GBP,"LIQUIDLINE LIMITED","Bank Giro Credit",903.72,"ACO002            ","PURCHASE LEDGER   ACO002            ",1944861.36
28/11/2025,309455-45002268 GBP,"LIQUIDLINE LIMITED","Bank Giro Credit",922.75,"BACS REMITTANCE PL","CHAND GAR  HOLD   BACS REMITTANCE PL",1945784.11
28/11/2025,309455-45002268 GBP,"LIQUIDLINE LIMITED","Bank Giro Credit",931.84,,"MARSHALL BMW      ",1946715.95
28/11/2025,309455-45002268 GBP,"LIQUIDLINE LIMITED","Bank Giro Credit",951.68,"VW NORWICH BACS   ","NORWICH VW        VW NORWICH BACS   ",1947667.63
28/11/2025,309455-45002268 GBP,"LIQUIDLINE LIMITED","Bank Giro Credit",952.68,"BACS MED NOV 25 PL","BEADLES MEDWAY LTDBACS MED NOV 25 PL",1948620.31
28/11/2025,309455-45002268 GBP,"LIQUIDLINE LIMITED","Bank Giro Credit",954.00,"MITIE FM LIMITED  ","MITIE FM LTD      MITIE FM LIMITED  ",1949574.31
28/11/2025,309455-45002268 GBP,"LIQUIDLINE LIMITED","Bank Giro Credit",963.84,"RYLAND BRISTOL    ","BRISTOL           RYLAND BRISTOL    ",1950538.15
28/11/2025,309455-45002268 GBP,"LIQUIDLINE LIMITED","Bank Giro Credit",969.05,"MERCEDES S-YORKS  ","JCT600 (SOUTH YORKMERCEDES S-YORKS  ",1951507.20
28/11/2025,309455-45002268 GBP,"LIQUIDLINE LIMITED","Bank Giro Credit",975.52,"BACS REMITTANCE PL","RIDGEWAY KIDLINGTOBACS REMITTANCE PL",1952482.72
28/11/2025,309455-45002268 GBP,"LIQUIDLINE LIMITED","Bank Giro Credit",991.64,"BANK191 9         ","CINCH CARS LIMITEDBANK191/9         ",1953474.36
28/11/2025,309455-45002268 GBP,"LIQUIDLINE LIMITED","Bank Giro Credit",995.02,"SEDBERGH SCHOOL   ","SS CURRENT A/C    SEDBERGH SCHOOL   ",1954469.38
28/11/2025,309455-45002268 GBP,"LIQUIDLINE LIMITED","Bank Giro Credit",1001.56,"BFD BACS 11 25    ","RRG GROUP LIMITED BFD BACS 11/25    ",1955470.94
28/11/2025,309455-45002268 GBP,"LIQUIDLINE LIMITED","Bank Giro Credit",1001.89,"12256             ","ST BRIDES SPA HOTE12256             ",1956472.83
28/11/2025,309455-45002268 GBP,"LIQUIDLINE LIMITED","Bank Giro Credit",1030.23,"LIQ003-001        ","DAC BEACHCROFT SERLIQ003-001        ",1957503.06
28/11/2025,309455-45002268 GBP,"LIQUIDLINE LIMITED","Bank Giro Credit",1044.23,"GP1FARNBOROUGHBACS","BARONS FARNBOR    GP1FARNBOROUGHBACS",1958547.29
28/11/2025,309455-45002268 GBP,"LIQUIDLINE LIMITED","Bank Giro Credit",1051.12,"BACS REMITTANCE PL","ENDEAVOUR AUTO    BACS REMITTANCE PL",1959598.41
28/11/2025,309455-45002268 GBP,"LIQUIDLINE LIMITED","Bank Giro Credit",1082.02,"BACS REMITTANCE PL","S&Y LEICESTER     BACS REMITTANCE PL",1960680.43
28/11/2025,309455-45002268 GBP,"LIQUIDLINE LIMITED","Bank Giro Credit",1084.14,"GP1 TOY LIV       ","BEADLESTOYOTA LI  GP1 TOY LIV       ",1961764.57
28/11/2025,309455-45002268 GBP,"LIQUIDLINE LIMITED","Bank Giro Credit",1085.74,"JCT600 VOLUME DIV ","JCT600 LIMITED    JCT600 VOLUME DIV ",1962850.31
28/11/2025,309455-45002268 GBP,"LIQUIDLINE LIMITED","Bank Giro Credit",1088.04,,"FRONTLINE LTD     ",1963938.35
28/11/2025,309455-45002268 GBP,"LIQUIDLINE LIMITED","Bank Giro Credit",1095.93,"782981 4642 7573  ","BIONIC SERVICES LI782981/4642/7573  ",1965034.28
28/11/2025,309455-45002268 GBP,"LIQUIDLINE LIMITED","Bank Giro Credit",1097.64,"BACS REMITTANCE PL","TF WOKINGHAM      BACS REMITTANCE PL",1966131.92
28/11/2025,309455-45002268 GBP,"LIQUIDLINE LIMITED","Bank Giro Credit",1110.98,"SOFTBOX SYSTEMS   ","SOFTBOX SYSTEMS LISOFTBOX SYSTEMS   ",1967242.90
28/11/2025,309455-45002268 GBP,"LIQUIDLINE LIMITED","Bank Giro Credit",1117.60,"GB21 2000000641 K ","RAIL GOURMET UK LIGB21 2000000641 K ",1968360.50
28/11/2025,309455-45002268 GBP,"LIQUIDLINE LIMITED","Bank Giro Credit",1118.46,"FORD STOKE CMA    ","STOKE CMA         FORD STOKE CMA    ",1969478.96
28/11/2025,309455-45002268 GBP,"LIQUIDLINE LIMITED","Bank Giro Credit",1132.18,"BACS REMITTANCE PL","S&Y WEST LONDON   BACS REMITTANCE PL",1970611.14
28/11/2025,309455-45002268 GBP,"LIQUIDLINE LIMITED","Bank Giro Credit",1132.66,,"MMG BYD AND OJ    ",1971743.80
28/11/2025,309455-45002268 GBP,"LIQUIDLINE LIMITED","Bank Giro Credit",1135.89,"BACS REMITTANCE PL","BOLTON            BACS REMITTANCE PL",1972879.69
28/11/2025,309455-45002268 GBP,"LIQUIDLINE LIMITED","Bank Giro Credit",1140.36,"1001639121        ","CAMBRIDGE UNIVERSI1001639121        ",1974020.05
28/11/2025,309455-45002268 GBP,"LIQUIDLINE LIMITED","Bank Giro Credit",1140.54,"SI-780567         ","WILLKIE F & G UK LSI-780567         ",1975160.59
28/11/2025,309455-45002268 GBP,"LIQUIDLINE LIMITED","Bank Giro Credit",1146.80,"BACS REMITTANCE PL","HARLOW PEUGEOT    BACS REMITTANCE PL",1976307.39
28/11/2025,309455-45002268 GBP,"LIQUIDLINE LIMITED","Bank Giro Credit",1149.68,,"MARSHALL NORTH WES",1977457.07
28/11/2025,309455-45002268 GBP,"LIQUIDLINE LIMITED","Bank Giro Credit",1152.44,"BACS REMITTANCE PL","AUDI NORTH WALES  BACS REMITTANCE PL",1978609.51
28/11/2025,309455-45002268 GBP,"LIQUIDLINE LIMITED","Bank Giro Credit",1154.00,"BACS REMITTANCE PL","FORD RETAIL       BACS REMITTANCE PL",1979763.51
28/11/2025,309455-45002268 GBP,"LIQUIDLINE LIMITED","Bank Giro Credit",1177.86,"PMT0000944        ","DRAPER TOOLS 3    PMT0000944        ",1980941.37
28/11/2025,309455-45002268 GBP,"LIQUIDLINE LIMITED","Bank Giro Credit",1182.52,"RRG SALFORD QUAYS ","RRG GROUP LIMITED RRG SALFORD QUAYS ",1982123.89
28/11/2025,309455-45002268 GBP,"LIQUIDLINE LIMITED","Bank Giro Credit",1195.31,"BACS REMITTANCE PL","JCB SITTINGBOURNE BACS REMITTANCE PL",1983319.20
28/11/2025,309455-45002268 GBP,"LIQUIDLINE LIMITED","Bank Giro Credit",1216.80,,"SODELCO LTD       ",1984536.00
28/11/2025,309455-45002268 GBP,"LIQUIDLINE LIMITED","Bank Giro Credit",1222.51,"23639             ","ROMANS GROUP UK   23639             ",1985758.51
28/11/2025,309455-45002268 GBP,"LIQUIDLINE LIMITED","Bank Giro Credit",1224.02,"BACS REMITTANCE PL","PETERBOROUGH VW   BACS REMITTANCE PL",1986982.53
28/11/2025,309455-45002268 GBP,"LIQUIDLINE LIMITED","Bank Giro Credit",1239.40,"BACS REMITTANCE PL","FORD RETAIL       BACS REMITTANCE PL",1988221.93
28/11/2025,309455-45002268 GBP,"LIQUIDLINE LIMITED","Bank Giro Credit",1242.21,"1153862629        ","VANCEBUILD LIMITED1153862629        ",1989464.14
28/11/2025,309455-45002268 GBP,"LIQUIDLINE LIMITED","Bank Giro Credit",1243.20,"BACS REMITTANCE PL","S.G. SMITH AUTOMOTBACS REMITTANCE PL",1990707.34
28/11/2025,309455-45002268 GBP,"LIQUIDLINE LIMITED","Bank Giro Credit",1248.08,"1074935           ","COPTHORNE HOTELS L1074935           ",1991955.42
28/11/2025,309455-45002268 GBP,"LIQUIDLINE LIMITED","Bank Giro Credit",1258.69,"NEWBURY BACS NOV  ","AUDI NEWBURY      NEWBURY BACS NOV  ",1993214.11
28/11/2025,309455-45002268 GBP,"LIQUIDLINE LIMITED","Bank Giro Credit",1260.00,"SI -790173 SI -790","ASTRAK GROUP LTD  SI -790173 SI -790",1994474.11
28/11/2025,309455-45002268 GBP,"LIQUIDLINE LIMITED","Bank Giro Credit",1272.70,"ROYAL COLLECTION E","ROYAL COLLECTION E",1995746.81
28/11/2025,309455-45002268 GBP,"LIQUIDLINE LIMITED","Bank Giro Credit",1288.26,"VERTU YORK BMW    ","YORK BMW MINI     VERTU YORK BMW    ",1997035.07
28/11/2025,309455-45002268 GBP,"LIQUIDLINE LIMITED","Bank Giro Credit",1337.34,"BACS - 28.11.2025 ","PINEWOOD TECHNOLOGBACS - 28.11.2025 ",1998372.41
28/11/2025,309455-45002268 GBP,"LIQUIDLINE LIMITED","Bank Giro Credit",1347.55,"BACS REMITTANCE PL","S&Y SALE          BACS REMITTANCE PL",1999719.96
28/11/2025,309455-45002268 GBP,"LIQUIDLINE LIMITED","Bank Giro Credit",1364.36,"BACS REMITTANCE PL","FORD RETAIL       BACS REMITTANCE PL",2001084.32
28/11/2025,309455-45002268 GBP,"LIQUIDLINE LIMITED","Bank Giro Credit",1369.08,"BACS REMITTANCE PL","FORD RETAIL       BACS REMITTANCE PL",2002453.40
28/11/2025,309455-45002268 GBP,"LIQUIDLINE LIMITED","Bank Giro Credit",1373.08,"SPAY000337057-5682","RANK GROUP GAMING SPAY000337057-5682",2003826.48
28/11/2025,309455-45002268 GBP,"LIQUIDLINE LIMITED","Bank Giro Credit",1400.00,"MOTORLINE AUDI    ","MOTORLINE HOLDING MOTORLINE AUDI    ",2005226.48
28/11/2025,309455-45002268 GBP,"LIQUIDLINE LIMITED","Bank Giro Credit",1424.56,"SI-779756 SI-78191","PEAK TECHNOLOGIES SI-779756 SI-78191",2006651.04
28/11/2025,309455-45002268 GBP,"LIQUIDLINE LIMITED","Bank Giro Credit",1471.00,"SUP-000639 - EWC  ","EAST WEST CONNECT SUP-000639 - EWC  ",2008122.04
28/11/2025,309455-45002268 GBP,"LIQUIDLINE LIMITED","Bank Giro Credit",1471.04,"CICELEY COMMERCIAL","CICELEY COMMERCIALCICELEY COMMERCIAL",2009593.08
28/11/2025,309455-45002268 GBP,"LIQUIDLINE LIMITED","Bank Giro Credit",1490.92,"BACS REMITTANCE PL","NORTON WAY PEUGEOTBACS REMITTANCE PL",2011084.00
28/11/2025,309455-45002268 GBP,"LIQUIDLINE LIMITED","Bank Giro Credit",1496.08,,"EMCOR GROUP UK PLC",2012580.08
28/11/2025,309455-45002268 GBP,"LIQUIDLINE LIMITED","Bank Giro Credit",1516.29,"LI36   01997      ","OPTIMA CON CA     LI36  /01997      ",2014096.37
28/11/2025,309455-45002268 GBP,"LIQUIDLINE LIMITED","Bank Giro Credit",1527.35,"REQ               ","PRACTICE PLUS GROUREQ               ",2015623.72
28/11/2025,309455-45002268 GBP,"LIQUIDLINE LIMITED","Bank Giro Credit",1529.08,,"MARSHALL BMW      ",2017152.80
28/11/2025,309455-45002268 GBP,"LIQUIDLINE LIMITED","Bank Giro Credit",1530.70,"506126572         ","CARDNET  506126572506126572         ",2018683.50
28/11/2025,309455-45002268 GBP,"LIQUIDLINE LIMITED","Bank Giro Credit",1550.65,"BOREHAMWOODBACSREM","BMW SPIRE STIRLI  BOREHAMWOODBACSREM",2020234.15
28/11/2025,309455-45002268 GBP,"LIQUIDLINE LIMITED","Bank Giro Credit",1590.09,,"WILLIAMS ROCHDALE ",2021824.24
28/11/2025,309455-45002268 GBP,"LIQUIDLINE LIMITED","Bank Giro Credit",1593.55,"BACS REMITTANCE PL","FORD RETAIL       BACS REMITTANCE PL",2023417.79
28/11/2025,309455-45002268 GBP,"LIQUIDLINE LIMITED","Bank Giro Credit",1604.67,"CRRRNRG6XQ        ","FELSTED SCHOOL 1  CRRRNRG6XQ        ",2025022.46
28/11/2025,309455-45002268 GBP,"LIQUIDLINE LIMITED","Bank Giro Credit",1620.75,"BACS REMITTANCE PL","FORD RETAIL       BACS REMITTANCE PL",2026643.21
28/11/2025,309455-45002268 GBP,"LIQUIDLINE LIMITED","Bank Giro Credit",1622.88,"MOTORLINE NISSAN  ","MOTORLINE HOLDING MOTORLINE NISSAN  ",2028266.09
28/11/2025,309455-45002268 GBP,"LIQUIDLINE LIMITED","Bank Giro Credit",1696.02,,"CBRE LTD AP GLA TM",2029962.11
28/11/2025,309455-45002268 GBP,"LIQUIDLINE LIMITED","Bank Giro Credit",1709.10,"SI-789676         ","LAND SECURITIES PRSI-789676         ",2031671.21
28/11/2025,309455-45002268 GBP,"LIQUIDLINE LIMITED","Bank Giro Credit",1740.42,"P0321919          ","THE F.A. PREMIER LP0321919          ",2033411.63
28/11/2025,309455-45002268 GBP,"LIQUIDLINE LIMITED","Bank Giro Credit",1783.31,,"RBC LONDON BRANCH ",2035194.94
28/11/2025,309455-45002268 GBP,"LIQUIDLINE LIMITED","Bank Giro Credit",1825.62,"SI-767605         ","LAND SECURITIES PRSI-767605         ",2037020.56
28/11/2025,309455-45002268 GBP,"LIQUIDLINE LIMITED","Bank Giro Credit",1862.52,"PURCHASE PAYMENT  ","LIL PACKAGING LIMIPURCHASE PAYMENT  ",2038883.08
28/11/2025,309455-45002268 GBP,"LIQUIDLINE LIMITED","Bank Giro Credit",1873.18,"780849 780851 7777","WATSON-MARLOW LIMI780849 780851 7777",2040756.26
28/11/2025,309455-45002268 GBP,"LIQUIDLINE LIMITED","Bank Giro Credit",1878.63,"BACS REMITTANCE PL","NORTON WAY NISSAN BACS REMITTANCE PL",2042634.89
28/11/2025,309455-45002268 GBP,"LIQUIDLINE LIMITED","Bank Giro Credit",1887.01,"LIQUIDLINE LTD    ","REED & MACKAY TRAVLIQUIDLINE LTD    ",2044521.90
28/11/2025,309455-45002268 GBP,"LIQUIDLINE LIMITED","Bank Giro Credit",1916.94,"PORSCHE EXETER    ","RYLAND MOTORS     PORSCHE EXETER    ",2046438.84
28/11/2025,309455-45002268 GBP,"LIQUIDLINE LIMITED","Bank Giro Credit",1932.73,"BACS REMITTANCE PL","FORD RETAIL       BACS REMITTANCE PL",2048371.57
28/11/2025,309455-45002268 GBP,"LIQUIDLINE LIMITED","Bank Giro Credit",1936.48,"MOTORLINE HYUNDAI ","MOTORLINE HOLDING MOTORLINE HYUNDAI ",2050308.05
28/11/2025,309455-45002268 GBP,"LIQUIDLINE LIMITED","Bank Giro Credit",2003.30,"VERTU VOLVO SW BAC","V VOLVO SW        VERTU VOLVO SW BAC",2052311.35
28/11/2025,309455-45002268 GBP,"LIQUIDLINE LIMITED","Bank Giro Credit",2042.62,"BACS REMITTANCE PL","FORD RETAIL       BACS REMITTANCE PL",2054353.97
28/11/2025,309455-45002268 GBP,"LIQUIDLINE LIMITED","Bank Giro Credit",2234.03,"755542025-11-2872 ","MULTIPLEX CONSTRUC755542025-11-2872 ",2056588.00
28/11/2025,309455-45002268 GBP,"LIQUIDLINE LIMITED","Bank Giro Credit",2257.53,"BACS REMITTANCE PL","VINES LIMITED     BACS REMITTANCE PL",2058845.53
28/11/2025,309455-45002268 GBP,"LIQUIDLINE LIMITED","Bank Giro Credit",2258.64,"GODSTONE FARM     ","GODSTONE FAR LTD  GODSTONE FARM     ",2061104.17
28/11/2025,309455-45002268 GBP,"LIQUIDLINE LIMITED","Bank Giro Credit",2353.08,"98090196          ","LEVC              98090196          ",2063457.25
28/11/2025,309455-45002268 GBP,"LIQUIDLINE LIMITED","Bank Giro Credit",2567.89,"              BACS","LIC170009SERIAL266              BACS",2066025.14
28/11/2025,309455-45002268 GBP,"LIQUIDLINE LIMITED","Bank Giro Credit",2574.06,"REQ               ","WT UK OPCO 4 LTD  REQ               ",2068599.20
28/11/2025,309455-45002268 GBP,"LIQUIDLINE LIMITED","Bank Giro Credit",2611.96,"0084012501        ","SPRINGER NATURE LI0084012501        ",2071211.16
28/11/2025,309455-45002268 GBP,"LIQUIDLINE LIMITED","Bank Giro Credit",2785.86,"CEF - WHOLESALE   ","CEF PAYMENTS      CEF - WHOLESALE   ",2073997.02
28/11/2025,309455-45002268 GBP,"LIQUIDLINE LIMITED","Bank Giro Credit",2872.49,"N001 2000002180 K ","THE NORTON MOTORCYN001 2000002180 K ",2076869.51
28/11/2025,309455-45002268 GBP,"LIQUIDLINE LIMITED","Bank Giro Credit",2982.00,"2960              ","GREAT PORTLAND EST2960              ",2079851.51
28/11/2025,309455-45002268 GBP,"LIQUIDLINE LIMITED","Bank Giro Credit",3074.08,"RRG BURY TOYOTA   ","RRG GROUP LIMITED RRG BURY TOYOTA   ",2082925.59
28/11/2025,309455-45002268 GBP,"LIQUIDLINE LIMITED","Bank Giro Credit",3113.08,"OSJCT             ","OSJCT             OSJCT             ",2086038.67
28/11/2025,309455-45002268 GBP,"LIQUIDLINE LIMITED","Bank Giro Credit",3120.24,"BACS REMITTANCE PL","PARTRIDGE OF HA LTBACS REMITTANCE PL",2089158.91
28/11/2025,309455-45002268 GBP,"LIQUIDLINE LIMITED","Bank Giro Credit",3172.99,"HO BACS 24.11.25  ","RRG GROUP LIMITED HO BACS 24.11.25  ",2092331.90
28/11/2025,309455-45002268 GBP,"LIQUIDLINE LIMITED","Bank Giro Credit",3181.80,"JCT600 SPECIALIST ","JCT600 (RAWDON) LIJCT600 SPECIALIST ",2095513.70
28/11/2025,309455-45002268 GBP,"LIQUIDLINE LIMITED","Bank Giro Credit",3255.09,"CROWE UK LLP      ","CROWE U. HEAD OFFICROWE UK LLP      ",2098768.79
28/11/2025,309455-45002268 GBP,"LIQUIDLINE LIMITED","Bank Giro Credit",3349.72,"HXXTJYENAKRARLWJ  ","PORSCHE RETAIL GROHXXTJYENAKRARLWJ  ",2102118.51
28/11/2025,309455-45002268 GBP,"LIQUIDLINE LIMITED","Bank Giro Credit",3387.45,"BACS00142 47      ","IBERITAL UK LIMITEBACS00142/47      ",2105505.96
28/11/2025,309455-45002268 GBP,"LIQUIDLINE LIMITED","Bank Giro Credit",3497.00,"JCT600 VW CENTRE  ","JCT600 LIMITED    JCT600 VW CENTRE  ",2109002.96
28/11/2025,309455-45002268 GBP,"LIQUIDLINE LIMITED","Bank Giro Credit",3626.55,"PORSCHE HIGHWYCOMB","RYLAND MOTORS L   PORSCHE HIGHWYCOMB",2112629.51
28/11/2025,309455-45002268 GBP,"LIQUIDLINE LIMITED","Bank Giro Credit",3778.17,,"GTC INFRASTRUCTURE",2116407.68
28/11/2025,309455-45002268 GBP,"LIQUIDLINE LIMITED","Bank Giro Credit",3810.83,"1153687159        ","LINNAEUS VETERINAR1153687159        ",2120218.51
28/11/2025,309455-45002268 GBP,"LIQUIDLINE LIMITED","Bank Giro Credit",4324.42,"HARTWELL PLC      ","HARTWELL PLC      HARTWELL PLC      ",2124542.93
28/11/2025,309455-45002268 GBP,"LIQUIDLINE LIMITED","Bank Giro Credit",4347.69,"LIQU1             ","BLPS LIMITED      LIQU1             ",2128890.62
28/11/2025,309455-45002268 GBP,"LIQUIDLINE LIMITED","Bank Giro Credit",4500.00,"SLIQ100           ","RAILPEN LTD       SLIQ100           ",2133390.62
28/11/2025,309455-45002268 GBP,"LIQUIDLINE LIMITED","Bank Giro Credit",4514.10,"0                 ","THE CROWN ESTATE  0                 ",2137904.72
28/11/2025,309455-45002268 GBP,"LIQUIDLINE LIMITED","Bank Giro Credit",4645.73,"BACS SKODA MAIDSTO","BEADLES SKODA     BACS SKODA MAIDSTO",2142550.45
28/11/2025,309455-45002268 GBP,"LIQUIDLINE LIMITED","Bank Giro Credit",4714.31,"313545932         ","COVINGTON & BURLIN313545932         ",2147264.76
28/11/2025,309455-45002268 GBP,"LIQUIDLINE LIMITED","Bank Giro Credit",4859.69,"10262545          ","GK B&R AP ACCOUNT 10262545          ",2152124.45
28/11/2025,309455-45002268 GBP,"LIQUIDLINE LIMITED","Bank Giro Credit",5109.75,"UK PLUMBING SUPPLI","UK PLUMBING SUPPLIUK PLUMBING SUPPLI",2157234.20
28/11/2025,309455-45002268 GBP,"LIQUIDLINE LIMITED","Bank Giro Credit",5319.77,"SI-793323         ","PACIFIC LIFE RE SESI-793323         ",2162553.97
28/11/2025,309455-45002268 GBP,"LIQUIDLINE LIMITED","Bank Giro Credit",5371.96,"BACS REMITTANCE PL","YEOMANS LTD       BACS REMITTANCE PL",2167925.93
28/11/2025,309455-45002268 GBP,"LIQUIDLINE LIMITED","Bank Giro Credit",5719.05,"SI-793293         ","HIDDEN HEARING LTDSI-793293         ",2173644.98
28/11/2025,309455-45002268 GBP,"LIQUIDLINE LIMITED","Bank Giro Credit",6566.92,"TGC 2015 LIMITED  ","TGC 2015 LIMITED  TGC 2015 LIMITED  ",2180211.90
28/11/2025,309455-45002268 GBP,"LIQUIDLINE LIMITED","Bank Giro Credit",6927.65,"MMG AP BACS 2811  ","MARRIOTT MOTOR GROMMG AP BACS 2811  ",2187139.55
28/11/2025,309455-45002268 GBP,"LIQUIDLINE LIMITED","Bank Giro Credit",7879.59,"174892            ","NAPP PHARMACEUTIC 174892            ",2195019.14
28/11/2025,309455-45002268 GBP,"LIQUIDLINE LIMITED","Bank Giro Credit",7960.38,"45002268          ","TCE CENTRAL LONDON45002268          ",2202979.52
28/11/2025,309455-45002268 GBP,"LIQUIDLINE LIMITED","Bank Giro Credit",9100.96,"LIQUIDLINE LTD    ","DREAMS LTD        LIQUIDLINE LTD    ",2212080.48
28/11/2025,309455-45002268 GBP,"LIQUIDLINE LIMITED","Bank Giro Credit",9799.32,"113115            ","EUROSTAR PAY ACC  113115            ",2221879.80
28/11/2025,309455-45002268 GBP,"LIQUIDLINE LIMITED","Bank Giro Credit",10450.65,"EFT-005372651     ","CUSHMAN   WAKEFIELEFT-005372651     ",2232330.45
28/11/2025,309455-45002268 GBP,"LIQUIDLINE LIMITED","Bank Giro Credit",12710.96,,"MARSHALL HEAD OFFI",2245041.41
28/11/2025,309455-45002268 GBP,"LIQUIDLINE LIMITED","Bank Giro Credit",13385.16,"2000238942        ","DYSON TECHNOLOGY L2000238942        ",2258426.57
28/11/2025,309455-45002268 GBP,"LIQUIDLINE LIMITED","Bank Giro Credit",15512.27,"SPAY000337056-5682","RANK GROUP GAMING SPAY000337056-5682",2273938.84
28/11/2025,309455-45002268 GBP,"LIQUIDLINE LIMITED","Bank Giro Credit",16204.99,,"C BREWER & SONS LT",2290143.83
28/11/2025,309455-45002268 GBP,"LIQUIDLINE LIMITED","Bank Giro Credit",17234.40,,"DFS TRADING LTD   ",2307378.23
28/11/2025,309455-45002268 GBP,"LIQUIDLINE LIMITED","Bank Giro Credit",18430.63,,"CARE UK COMMUNITY ",2325808.86
28/11/2025,309455-45002268 GBP,"LIQUIDLINE LIMITED","Bank Giro Credit",25285.48,"2511202           ","WARNER LEISURE HOT2511202           ",2351094.34
28/11/2025,309455-45002268 GBP,"LIQUIDLINE LIMITED","Bank Giro Credit",37004.41,"BACS REMITTANCE PL","STEVEN EAGELL LTD BACS REMITTANCE PL",2388098.75
28/11/2025,309455-45002268 GBP,"LIQUIDLINE LIMITED","Bill Payment",394.76,,"HAYDN EVANS CONSUL786840            ",2388493.51
28/11/2025,309455-45002268 GBP,"LIQUIDLINE LIMITED","Bill Payment",62.69,,"EUROEYES LONDON KNSI-793030         ",2388556.20
28/11/2025,309455-45002268 GBP,"LIQUIDLINE LIMITED","Bill Payment",122.66,,"FISCAL TECHNOLOGIEINV SI-788466     ",2388678.86
28/11/2025,309455-45002268 GBP,"LIQUIDLINE LIMITED","Faster Payment",311.02,"JAMES WOOD GOLF   ","JAMES WOOD GOLF   7626 -SI 784191   OPK5VEPR5KJ6LNMZ63608371     40     28NOV25 01:06     ",2388989.88
28/11/2025,309455-45002268 GBP,"LIQUIDLINE LIMITED","Bill Payment",1080.00,,"MILTON HALL CAMBRIMILTON HALL       ",2390069.88
28/11/2025,309455-45002268 GBP,"LIQUIDLINE LIMITED","Bill Payment",662.70,,"MERRY HILL QSR (NO13499             ",2390732.58
28/11/2025,309455-45002268 GBP,"LIQUIDLINE LIMITED","Bill Payment",28.51,,"REFORM FLOORING LIREFORMFLOORING LTD",2390761.09
28/11/2025,309455-45002268 GBP,"LIQUIDLINE LIMITED","Standing Order Paid",-50000.00,,"HOLYWELLS HOLDINGS",2340761.09
28/11/2025,309455-45002268 GBP,"LIQUIDLINE LIMITED","Faster Payment",1273.71,"COSPACE G LTD SW  ","COSPACE G LTD SW  991/737/348/698   RP4672366846770600200574     40     28NOV25 01:29     ",2342034.80
28/11/2025,309455-45002268 GBP,"LIQUIDLINE LIMITED","Faster Payment",251.86,"SET IN HAND SPECIA","SET IN HAND SPECIA783659 SETINHAND  00152049632BBLNHMM090222     40     28NOV25 01:34     ",2342286.66
28/11/2025,309455-45002268 GBP,"LIQUIDLINE LIMITED","Faster Payment",18618.00,"3173 LIMITED      ","3173 LIMITED      09022210986455    00156648632BDHCSVT090222     40     28NOV25 01:35     ",2360904.66
28/11/2025,309455-45002268 GBP,"LIQUIDLINE LIMITED","Faster Payment",316.66,"ONESITE BUILDING P","ONESITE BUILDING PONESITE BP LTD    00150466632BBFZJGB090222     40     28NOV25 01:36     ",2361221.32
28/11/2025,309455-45002268 GBP,"LIQUIDLINE LIMITED","Direct Debit or Bacs Payment",-76.40,"ADVANCE           ","R A J GUTIERREZ   ADVANCE           ",2361144.92
28/11/2025,309455-45002268 GBP,"LIQUIDLINE LIMITED","Direct Debit or Bacs Payment",-100.00,"000000000001122241","MIDLAND EXPRESSWAY000000000001122241",2361044.92
28/11/2025,309455-45002268 GBP,"LIQUIDLINE LIMITED","Direct Debit or Bacs Payment",-121.40,"LIQUIDGIN         ","FFFN              LIQUIDGIN         ",2360923.52
28/11/2025,309455-45002268 GBP,"LIQUIDLINE LIMITED","Direct Debit or Bacs Payment",-174.52,"STR0015           ","THE VENDING PEOPLESTR0015           ",2360749.00
28/11/2025,309455-45002268 GBP,"LIQUIDLINE LIMITED","Direct Debit or Bacs Payment",-313.94,"IE SUPP PAY RUN   ","CHELMSFORD SAFETY IE SUPP PAY RUN   ",2360435.06
28/11/2025,309455-45002268 GBP,"LIQUIDLINE LIMITED","Direct Debit or Bacs Payment",-352.24,"6HVJ7CA           ","GOODNUS           6HVJ7CA           ",2360082.82
28/11/2025,309455-45002268 GBP,"LIQUIDLINE LIMITED","Direct Debit or Bacs Payment",-500.00,"32712746GQT8YZM5OR","GOOGLE IRELAND LTD32712746GQT8YZM5OR",2359582.82
28/11/2025,309455-45002268 GBP,"LIQUIDLINE LIMITED","Direct Debit or Bacs Payment",-500.00,"32712746GIWUNP7ZH4","GOOGLE IRELAND LTD32712746GIWUNP7ZH4",2359082.82
28/11/2025,309455-45002268 GBP,"LIQUIDLINE LIMITED","Direct Debit or Bacs Payment",-500.00,"32712746GOAZY4RBSN","GOOGLE IRELAND LTD32712746GOAZY4RBSN",2358582.82
28/11/2025,309455-45002268 GBP,"LIQUIDLINE LIMITED","Direct Debit or Bacs Payment",-742.90,"QH3344V00489771   ","BLACK HORSE CHIRE QH3344V00489771   ",2357839.92
28/11/2025,309455-45002268 GBP,"LIQUIDLINE LIMITED","Direct Debit or Bacs Payment",-897.14,"LI3405            ","ARVAL UK LTD      LI3405            ",2356942.78
28/11/2025,309455-45002268 GBP,"LIQUIDLINE LIMITED","Direct Debit or Bacs Payment",-1612.80,"LIQUIDLINE TC     ","1153777099        LIQUIDLINE TC     ",2355329.98
28/11/2025,309455-45002268 GBP,"LIQUIDLINE LIMITED","Direct Debit or Bacs Payment",-2319.98,"PAYROLL DEDUCTIONS","1153809646        PAYROLL DEDUCTIONS",2353010.00
28/11/2025,309455-45002268 GBP,"LIQUIDLINE LIMITED","Direct Debit or Bacs Payment",-2841.30,"36562762    216988","COSTAR UK LIMITED 36562762    216988",2350168.70
28/11/2025,309455-45002268 GBP,"LIQUIDLINE LIMITED","Direct Debit or Bacs Payment",-3808.06,"7090603710        ","LLOYDS BANK PLC AF7090603710        ",2346360.64
28/11/2025,309455-45002268 GBP,"LIQUIDLINE LIMITED","Direct Debit or Bacs Payment",-4005.49,"CUSTOMER REFUNDS  ","1153763577        CUSTOMER REFUNDS  ",2342355.15
28/11/2025,309455-45002268 GBP,"LIQUIDLINE LIMITED","Direct Debit or Bacs Payment",-4509.87,"SUPP PAY RUN      ","1153858535        SUPP PAY RUN      ",2337845.28
28/11/2025,309455-45002268 GBP,"LIQUIDLINE LIMITED","Direct Debit or Bacs Payment",-15783.86,"G406109A          ","UBT EU LTD        G406109A          ",2322061.42
28/11/2025,309455-45002268 GBP,"LIQUIDLINE LIMITED","Direct Debit or Bacs Payment",-104440.00,"VAT INSTALLMENT   ","HMRC VAT          VAT INSTALLMENT   ",2217621.42
28/11/2025,309455-45002268 GBP,"LIQUIDLINE LIMITED","Direct Debit or Bacs Payment",-612233.07,"SUPP PAY RUN      ","1153858385        SUPP PAY RUN      ",1605388.35
28/11/2025,309455-45002268 GBP,"LIQUIDLINE LIMITED","Direct Debit or Bacs Payment",-876986.65,"NET WAGES         ","1153809371        NET WAGES         ",728401.70
28/11/2025,309455-45002268 GBP,"LIQUIDLINE LIMITED","Faster Payment",312.00,"MOR INVESTME      ","MOR INVESTME      MOR INVESTMENTS LL3686890454327213SO404434     30     28NOV25 02:09     ",728713.70
28/11/2025,309455-45002268 GBP,"LIQUIDLINE LIMITED","Faster Payment",794.61,"HEATH LODGE CLIN  ","HEATH LODGE CLIN  ACCOUNT CODE 5100 RP4652486965747700207348     40     28NOV25 02:19     ",729508.31
28/11/2025,309455-45002268 GBP,"LIQUIDLINE LIMITED","Faster Payment",367.82,"WITZENMANN UK LTD ","WITZENMANN UK LTD WITZENMANN UK LTD 01023103215648000R832227     40     28NOV25 02:31     ",729876.13
28/11/2025,309455-45002268 GBP,"LIQUIDLINE LIMITED","Faster Payment",409.94,"EQUALS MONEY UK LI","EQUALS MONEY UK LISI-766472         15023138829803000N604008     40     28NOV25 02:31     ",730286.07
28/11/2025,309455-45002268 GBP,"LIQUIDLINE LIMITED","Faster Payment",199.94,"R T RATE LTD      ","R T RATE LTD      R T RATES FORD    57023123591594000N600911     40     28NOV25 02:34     ",730486.01
28/11/2025,309455-45002268 GBP,"LIQUIDLINE LIMITED","Faster Payment",55.49,"IPSWICH ACC REP LT","IPSWICH ACC REP LTIPSWICH ACCIDENT  61023534651491000N536124     40     28NOV25 02:35     ",730541.50
28/11/2025,309455-45002268 GBP,"LIQUIDLINE LIMITED","Faster Payment",180.90,"ENERGYLINE LIMITED","ENERGYLINE LIMITEDSI-781910         03023208360729000N601226     40     28NOV25 02:36     ",730722.40
28/11/2025,309455-45002268 GBP,"LIQUIDLINE LIMITED","Faster Payment",436.41,"SHERWOODS LTD DURH","SHERWOODS LTD DURHSHERWOODS BACS    35023030163248000R161731     40     28NOV25 02:37     ",731158.81
28/11/2025,309455-45002268 GBP,"LIQUIDLINE LIMITED","Faster Payment",32.94,"SELF-PORTRAIT LTD ","SELF-PORTRAIT LTD SELF-PORTRAIT LTD 42024238265737000N605000     40     28NOV25 02:42     ",731191.75
28/11/2025,309455-45002268 GBP,"LIQUIDLINE LIMITED","Faster Payment",3100.55,"CROUD INC LTD     ","CROUD INC LTD     CROUD INC LTD     42024018860979000N503010     40     28NOV25 02:47     ",734292.30
28/11/2025,309455-45002268 GBP,"LIQUIDLINE LIMITED","Faster Payment",438.99,"GR & GRAHAM 2 ACC ","GR & GRAHAM 2 ACC LIQ01             53023150914696000R831806     40     28NOV25 02:49     ",734731.29
28/11/2025,309455-45002268 GBP,"LIQUIDLINE LIMITED","Faster Payment",129.00,"MACILDOWIE ASSO LT","MACILDOWIE ASSO LTNOTTS WATERCOOLER 47023144516065000J980060     40     28NOV25 02:53     ",734860.29
28/11/2025,309455-45002268 GBP,"LIQUIDLINE LIMITED","Faster Payment",473.15,"HUNLEY HALL LLP   ","HUNLEY HALL LLP   HUNLEY HALL LLP   43023329194862000N535015     40     28NOV25 02:53     ",735333.44
28/11/2025,309455-45002268 GBP,"LIQUIDLINE LIMITED","Faster Payment",349.93,"HYDE TIME LIMITED ","HYDE TIME LIMITED ACC 15445         62023507732577000N010321     40     28NOV25 02:53     ",735683.37
28/11/2025,309455-45002268 GBP,"LIQUIDLINE LIMITED","Faster Payment",54.43,"STATPRO LIMITED   ","STATPRO LIMITED   INV SI-793035     41023032577669000R151000     40     28NOV25 02:58     ",735737.80
28/11/2025,309455-45002268 GBP,"LIQUIDLINE LIMITED","Faster Payment",181.68,"CHORUS CAPITAL MAN","CHORUS CAPITAL MANCHORUS SI-787665  03023729779194000R160015     40     28NOV25 02:59     ",735919.48
28/11/2025,309455-45002268 GBP,"LIQUIDLINE LIMITED","Faster Payment",74.56,"HALSTONE FINANCE  ","HALSTONE FINANCE  HALSTONE FINANCE  55023823985591000N010138     40     28NOV25 03:00     ",735994.04
28/11/2025,309455-45002268 GBP,"LIQUIDLINE LIMITED","Faster Payment",166.71,"STAFFO RUGBY LTD  ","STAFFO RUGBY LTD  SI-784364         RP4650686699298600200864     40     28NOV25 03:06     ",736160.75
28/11/2025,309455-45002268 GBP,"LIQUIDLINE LIMITED","Faster Payment",110.20,"STAFFO RUGBY LTD  ","STAFFO RUGBY LTD  SI-789014         RP4650686699298900200864     40     28NOV25 03:06     ",736270.95
28/11/2025,309455-45002268 GBP,"LIQUIDLINE LIMITED","Faster Payment",548.72,"FAINTREE GARAGE   ","FAINTREE GARAGE   20972             MF00204653A0E38300205363     40     28NOV25 03:07     ",736819.67
28/11/2025,309455-45002268 GBP,"LIQUIDLINE LIMITED","Faster Payment",377.35,"HYDE TIME LIMITED ","HYDE TIME LIMITED ACC 9608          53023507697819000N010321     40     28NOV25 03:07     ",737197.02
28/11/2025,309455-45002268 GBP,"LIQUIDLINE LIMITED","Faster Payment",14.95,"COMPASS SERV(UK) L","COMPASS SERV(UK) LSI 798926         31023757611797000R161926     40     28NOV25 03:07     ",737211.97
28/11/2025,309455-45002268 GBP,"LIQUIDLINE LIMITED","Faster Payment",482.20,"LOP LTD T A LPL   ","LOP LTD T/A LPL   LPL               MF00594653A4756100203706     40     28NOV25 03:14     ",737694.17
28/11/2025,309455-45002268 GBP,"LIQUIDLINE LIMITED","Faster Payment",125.77,"SCOTT-GRANT LIMITE","SCOTT-GRANT LIMITEINVOICE SIN-780080000000000043181646089299     40     28NOV25 03:25     ",737819.94
28/11/2025,309455-45002268 GBP,"LIQUIDLINE LIMITED","Faster Payment",2707.97,"ST JOHNS GENERAL E","ST JOHNS GENERAL ELIQUID LINE       61030050308818000R158000     40     28NOV25 03:25     ",740527.91
28/11/2025,309455-45002268 GBP,"LIQUIDLINE LIMITED","Faster Payment",94.45,"FE F G C LTD SW   ","FE F G C LTD SW   FFGC 0453         RP4650287240289800209807     40     28NOV25 03:27     ",740622.36
28/11/2025,309455-45002268 GBP,"LIQUIDLINE LIMITED","Faster Payment",629.16,"BEECHWOOD PLACE CA","BEECHWOOD PLACE CABEECHWOOD PLACE   01023046016425000R161818     40     28NOV25 03:29     ",741251.52
28/11/2025,309455-45002268 GBP,"LIQUIDLINE LIMITED","Faster Payment",148.50,"COMMUNITY HEALTH A","COMMUNITY HEALTH ACHEC              19023401550407000R163416     40     28NOV25 03:32     ",741400.02
28/11/2025,309455-45002268 GBP,"LIQUIDLINE LIMITED","Faster Payment",309.50,"JCB MEDWAY LTD T A","JCB MEDWAY LTD T/AJCB RENAULT CANTER07030942827907000N601455     40     28NOV25 03:32     ",741709.52
28/11/2025,309455-45002268 GBP,"LIQUIDLINE LIMITED","Faster Payment",334.20,"BF1SYSTEMS LIMITED","BF1SYSTEMS LIMITEDBF1SYSTEMS LTD    31023145579141000N601531     40     28NOV25 03:33     ",742043.72
28/11/2025,309455-45002268 GBP,"LIQUIDLINE LIMITED","Faster Payment",1803.20,"WHITE ROSE PARK   ","WHITE ROSE PARK   SI-781359         41023342718875000N535021     40     28NOV25 03:34     ",743846.92
28/11/2025,309455-45002268 GBP,"LIQUIDLINE LIMITED","Faster Payment",210.30,"ELWOOD TSL GBP    ","ELWOOD TSL GBP    SI-786607 SI-79352MF00074653A35FD600204505     40     28NOV25 03:38     ",744057.22
28/11/2025,309455-45002268 GBP,"LIQUIDLINE LIMITED","Faster Payment",494.27,"GFM HOLDINGS LTD  ","GFM HOLDINGS LTD  AC 13946          54023300511464000N600606     40     28NOV25 03:40     ",744551.49
28/11/2025,309455-45002268 GBP,"LIQUIDLINE LIMITED","Faster Payment",305.43,"SWIFT SCAFFOLDING ","SWIFT SCAFFOLDING 60051318071295    60023729113567000N600513     40     28NOV25 03:40     ",744856.92
28/11/2025,309455-45002268 GBP,"LIQUIDLINE LIMITED","Faster Payment",355.85,"J C B MEDWAY LTD  ","J C B MEDWAY LTD  EUROVANS CRAWLEY  17030934506435000N601455     40     28NOV25 03:40     ",745212.77
28/11/2025,309455-45002268 GBP,"LIQUIDLINE LIMITED","Faster Payment",1571.47,"DESIRA GROUP PLC  ","DESIRA GROUP PLC  618645DESIRA      MF00534653A64C8400206261     40     28NOV25 03:42     ",746784.24
28/11/2025,309455-45002268 GBP,"LIQUIDLINE LIMITED","Faster Payment",341.88,"QUEEN ELIZABETH'S ","QUEEN ELIZABETH'S QESCHOOL          24023554931419000N516134     40     28NOV25 03:42     ",747126.12
28/11/2025,309455-45002268 GBP,"LIQUIDLINE LIMITED","Faster Payment",1679.25,"AVL POWERTRAIN UK ","AVL POWERTRAIN UK AVL               15023836385045000N601529     40     28NOV25 03:45     ",748805.37
28/11/2025,309455-45002268 GBP,"LIQUIDLINE LIMITED","Faster Payment",931.71,"HANLEY SMITH LIMIT","HANLEY SMITH LIMITHANLEY SMITH LTD  27023907713478000N600236     40     28NOV25 03:47     ",749737.08
28/11/2025,309455-45002268 GBP,"LIQUIDLINE LIMITED","Faster Payment",253.63,"UV&S EVENT SERVICE","UV&S EVENT SERVICEUV&S EVENTS       47023743940616000N601507     40     28NOV25 03:51     ",749990.71
28/11/2025,309455-45002268 GBP,"LIQUIDLINE LIMITED","Faster Payment",690.00,"WJM   OFFICE ACCOU","WJM / OFFICE ACCOUSI-792772         18023424523449000R835460     40     28NOV25 03:51     ",750680.71
28/11/2025,309455-45002268 GBP,"LIQUIDLINE LIMITED","Faster Payment",1917.26,"CLYDE & CO CLAIMS ","CLYDE & CO CLAIMS CLYDE AND CO LLP  10023445800991000N600001     40     28NOV25 03:55     ",752597.97
28/11/2025,309455-45002268 GBP,"LIQUIDLINE LIMITED","Faster Payment",4620.71,"FUNDING CIRCLE L B","FUNDING CIRCLE L BSI-791240 SI-78962MF00204653A4A07800208022     40     28NOV25 03:56     ",757218.68
28/11/2025,309455-45002268 GBP,"LIQUIDLINE LIMITED","Faster Payment",504.28,"ENGINEERING TRUST ","ENGINEERING TRUST INV779009         33024602976664000N600357     40     28NOV25 03:56     ",757722.96
28/11/2025,309455-45002268 GBP,"LIQUIDLINE LIMITED","Faster Payment",110.12,"SHERWOODS MOTOR GR","SHERWOODS MOTOR GRSHERWOOD WASHINGTO18023030036766000R161731     40     28NOV25 03:56     ",757833.08
28/11/2025,309455-45002268 GBP,"LIQUIDLINE LIMITED","Faster Payment",1559.92,"MARTON GEO SER L  ","MARTON GEO SER L  MARTON GEOTECHNICAMF00374653A015F400201646     40     28NOV25 04:00     ",759393.00
28/11/2025,309455-45002268 GBP,"LIQUIDLINE LIMITED","Faster Payment",1056.68,"SANCTUARY PERSONNE","SANCTUARY PERSONNESANCTUARY PERSONNE49025030681910000N536124     40     28NOV25 04:03     ",760449.68
28/11/2025,309455-45002268 GBP,"LIQUIDLINE LIMITED","Faster Payment",142.90,"SUTTON SPECIALIS B","SUTTON SPECIALIS BSI-785661         MF00034653A4DA0900203647     40     28NOV25 04:06     ",760592.58
28/11/2025,309455-45002268 GBP,"LIQUIDLINE LIMITED","Faster Payment",214.78,"PAYMENTS          ","PAYMENTS          13689             MF00114653A493B600203647     40     28NOV25 04:06     ",760807.36
28/11/2025,309455-45002268 GBP,"LIQUIDLINE LIMITED","Faster Payment",198.73,"SHERWOODS PSA  SUZ","SHERWOODS PSA /SUZDURHAM BACS       36023030088650000R161731     40     28NOV25 04:07     ",761006.09
28/11/2025,309455-45002268 GBP,"LIQUIDLINE LIMITED","Faster Payment",2941.27,"BRABNERS LLP      ","BRABNERS LLP      SI787143          08023022316799000R151000     40     28NOV25 04:07     ",763947.36
28/11/2025,309455-45002268 GBP,"LIQUIDLINE LIMITED","Faster Payment",111.72,"POWER ON CON LTD  ","POWER ON CON LTD  NO REF            MF00224653A43C3200200000     40     28NOV25 04:08     ",764059.08
28/11/2025,309455-45002268 GBP,"LIQUIDLINE LIMITED","Faster Payment",111.34,"SHERWOODS MOTOR GR","SHERWOODS MOTOR GRSHERWOODS SLAND   54023030322957000R161731     40     28NOV25 04:09     ",764170.42
28/11/2025,309455-45002268 GBP,"LIQUIDLINE LIMITED","Faster Payment",188.89,"THE RESIDENT SOHO ","THE RESIDENT SOHO 8876072           03024530262541000N600001     40     28NOV25 04:12     ",764359.31
28/11/2025,309455-45002268 GBP,"LIQUIDLINE LIMITED","Faster Payment",172.87,"P&M ELECTRICAL    ","P&M ELECTRICAL    P&M ELECTRICAL    27023127030905000N600606     40     28NOV25 04:17     ",764532.18
28/11/2025,309455-45002268 GBP,"LIQUIDLINE LIMITED","Faster Payment",67.08,"HYDE TIME LIMITED ","HYDE TIME LIMITED ACC 9607          24023507683050000N010321     40     28NOV25 04:17     ",764599.26
28/11/2025,309455-45002268 GBP,"LIQUIDLINE LIMITED","Faster Payment",149.42,"CORKILLS VOLKSWAGE","CORKILLS VOLKSWAGECORKILLS WIGAN    40023715987598000N601455     40     28NOV25 04:18     ",764748.68
28/11/2025,309455-45002268 GBP,"LIQUIDLINE LIMITED","Faster Payment",689.36,"ENERGYLINE LIMITED","ENERGYLINE LIMITEDSI-779018         06023346306589000N601226     40     28NOV25 04:19     ",765438.04
28/11/2025,309455-45002268 GBP,"LIQUIDLINE LIMITED","Faster Payment",632.50,"ABINGDON HONDA    ","ABINGDON HONDA    ABINGDON HONDA    36023716403531000N601455     40     28NOV25 04:21     ",766070.54
28/11/2025,309455-45002268 GBP,"LIQUIDLINE LIMITED","Faster Payment",187.50,"FNL GBP           ","FNL GBP           FNATIC LTD        BX2511266107584700200000     40     28NOV25 04:23     ",766258.04
28/11/2025,309455-45002268 GBP,"LIQUIDLINE LIMITED","Faster Payment",299.01,"GATEHOUSE CHAMBERS","GATEHOUSE CHAMBERSGATEHOUSE         56024800450223000N600001     40     28NOV25 04:26     ",766557.05
28/11/2025,309455-45002268 GBP,"LIQUIDLINE LIMITED","Faster Payment",60.00,"PINNACLE ELECTR SP","PINNACLE ELECTR SP18591             16023623878122000N600507     40     28NOV25 04:32     ",766617.05
28/11/2025,309455-45002268 GBP,"LIQUIDLINE LIMITED","Faster Payment",1457.91,"BLADE MOTOR GROUP ","BLADE MOTOR GROUP HERITAGE          09024943646131000N601455     40     28NOV25 04:33     ",768074.96
28/11/2025,309455-45002268 GBP,"LIQUIDLINE LIMITED","Faster Payment",1451.90,"P. DUCKER SYSTEM  ","P. DUCKER SYSTEM  PDS LTD           25023705656471000N601201     40     28NOV25 04:37     ",769526.86
28/11/2025,309455-45002268 GBP,"LIQUIDLINE LIMITED","Faster Payment",1115.04,"FORTHGLADE FOODS L","FORTHGLADE FOODS LFORTHGLADE FOODS  00152485632BBNQYGB090222     40     28NOV25 04:39     ",770641.90
28/11/2025,309455-45002268 GBP,"LIQUIDLINE LIMITED","Faster Payment",102.84,"CHAPLIN FARRANT LI","CHAPLIN FARRANT LICHAPLIN FARRANT   00150466632BBFZJPJ090222     40     28NOV25 04:41     ",770744.74
28/11/2025,309455-45002268 GBP,"LIQUIDLINE LIMITED","Faster Payment",373.40,"MAGNA MOTOR COMPAN","MAGNA MOTOR COMPANDORCH NIS 7922    00150462632BCMRLZD090222     40     28NOV25 04:41     ",771118.14
28/11/2025,309455-45002268 GBP,"LIQUIDLINE LIMITED","Faster Payment",249.69,"MB KINGS LYNN     ","MB KINGS LYNN     BACS REMITTANCE PLMF00154653A1FD7600209890     40     28NOV25 04:42     ",771367.83
28/11/2025,309455-45002268 GBP,"LIQUIDLINE LIMITED","Faster Payment",4564.17,"MB BURY ST EDMUNDS","MB BURY ST EDMUNDSBACS REMITTANCE PLMF00164653A3316F00209890     40     28NOV25 04:42     ",775932.00
28/11/2025,309455-45002268 GBP,"LIQUIDLINE LIMITED","Faster Payment",699.00,"MITCHELLS GARAGE  ","MITCHELLS GARAGE  MITCHELLS GARAGE  25023804799302000N538116     40     28NOV25 04:43     ",776631.00
28/11/2025,309455-45002268 GBP,"LIQUIDLINE LIMITED","Faster Payment",54.43,"WALTON TRANSPORT &","WALTON TRANSPORT &WALTON TRANSPORT  00155771632BDCWLKN090222     40     28NOV25 04:43     ",776685.43
28/11/2025,309455-45002268 GBP,"LIQUIDLINE LIMITED","Faster Payment",216.00,"COOMBS CATERING PA","COOMBS CATERING PASUPPLIERS         49023441389018000N606006     40     28NOV25 04:44     ",776901.43
28/11/2025,309455-45002268 GBP,"LIQUIDLINE LIMITED","Faster Payment",1290.08,"THE RESIDENT EDINB","THE RESIDENT EDINBRESIDENT          41023951552821000N600001     40     28NOV25 04:46     ",778191.51
28/11/2025,309455-45002268 GBP,"LIQUIDLINE LIMITED","Faster Payment",447.81,"EXPENSE           ","EXPENSE           ECLIPSE  STELLAR EMF00064653A503A900205558     40     28NOV25 04:46     ",778639.32
28/11/2025,309455-45002268 GBP,"LIQUIDLINE LIMITED","Faster Payment",644.47,"SRL TRAFFIC SYSTEM","SRL TRAFFIC SYSTEMSRL TRAFFIC       10023333372316000R162934     40     28NOV25 04:47     ",779283.79
28/11/2025,309455-45002268 GBP,"LIQUIDLINE LIMITED","Faster Payment",-280.00,"ADVANCE           ","KM LAND           200000001668015763ADVANCE           204451     10     28NOV25 04:49     ",779003.79
28/11/2025,309455-45002268 GBP,"LIQUIDLINE LIMITED","Faster Payment",183.10,"VANWISE GRP LIMITE","VANWISE GRP LIMITECOF001 21812      MF00054653A5871A00203706     40     28NOV25 04:51     ",779186.89
28/11/2025,309455-45002268 GBP,"LIQUIDLINE LIMITED","Faster Payment",303.42,"XEINADIN NW LTD   ","XEINADIN NW LTD   16678             MF00034653A2734F00205558     40     28NOV25 04:51     ",779490.31
28/11/2025,309455-45002268 GBP,"LIQUIDLINE LIMITED","Faster Payment",112.75,"INSTANT ACCESS    ","INSTANT ACCESS    LJA MIERS & CO    MF02194653A05C4A00207499     40     28NOV25 04:52     ",779603.06
28/11/2025,309455-45002268 GBP,"LIQUIDLINE LIMITED","Faster Payment",165.79,"ASHFIN LIMITED T F","ASHFIN LIMITED T FZAPPAS            MF00104653A68B4A00201174     40     28NOV25 04:54     ",779768.85
28/11/2025,309455-45002268 GBP,"LIQUIDLINE LIMITED","Faster Payment",1501.94,"MIAJAC LIMITED T F","MIAJAC LIMITED T FZAPPAS            MF00184653A6871500201174     40     28NOV25 04:54     ",781270.79
28/11/2025,309455-45002268 GBP,"LIQUIDLINE LIMITED","Faster Payment",72.56,"OLIVER WALTON LTD ","OLIVER WALTON LTD SI-785033         200000001668018385309773     10     28NOV25 04:54     ",781343.35
28/11/2025,309455-45002268 GBP,"LIQUIDLINE LIMITED","Faster Payment",631.36,"SEVENTEEN GROUP LI","SEVENTEEN GROUP LISEVENTEEN GROUP  A03023838533062000N602240     40     28NOV25 04:57     ",781974.71
28/11/2025,309455-45002268 GBP,"LIQUIDLINE LIMITED","Faster Payment",211.79,"JOHN ROE GROUP L B","JOHN ROE GROUP L BBACS REMITTANCE PLMF00254653A43E2500203543     40     28NOV25 05:00     ",782186.50
28/11/2025,309455-45002268 GBP,"LIQUIDLINE LIMITED","Faster Payment",94.19,"GLASGOW FORD      ","GLASGOW FORD      BACS REMITTANCE PLMF001346539BB4F100205942     40     28NOV25 05:02     ",782280.69
28/11/2025,309455-45002268 GBP,"LIQUIDLINE LIMITED","Faster Payment",1143.46,"BSP SW            ","BSP SW            PEUGEOT SW        MF00304653A3425200205942     40     28NOV25 05:02     ",783424.15
28/11/2025,309455-45002268 GBP,"LIQUIDLINE LIMITED","Faster Payment",606.84,"VERTU MOTORS (VMC)","VERTU MOTORS (VMC)13180 13270 13254 MF00374653A43A0600200771     40     28NOV25 05:03     ",784030.99
28/11/2025,309455-45002268 GBP,"LIQUIDLINE LIMITED","Faster Payment",2120.31,"MADANO PARTNERSHIP","MADANO PARTNERSHIPSI-784285 ,       BX2511276123837200200000     40     28NOV25 05:03     ",786151.30
28/11/2025,309455-45002268 GBP,"LIQUIDLINE LIMITED","Faster Payment",190.03,"KIA BARNSLEY      ","KIA BARNSLEY      BACS REMITTANCE PLMF00124653A52E4500205942     40     28NOV25 05:03     ",786341.33
28/11/2025,309455-45002268 GBP,"LIQUIDLINE LIMITED","Faster Payment",393.38,"B ST 4TH INV MACK ","B ST 4TH INV MACK 13210             MF00144653A656F200200771     40     28NOV25 05:03     ",786734.71
28/11/2025,309455-45002268 GBP,"LIQUIDLINE LIMITED","Faster Payment",40.80,"NOTTINGHAM KIA    ","NOTTINGHAM KIA    BACS REMITTANCE PLMF00274653A5C8C400205942     40     28NOV25 05:03     ",786775.51
28/11/2025,309455-45002268 GBP,"LIQUIDLINE LIMITED","Faster Payment",714.00,"DALCOUR MACLAREN L","DALCOUR MACLAREN LEFT-047145        46023635774754000N607003     40     28NOV25 05:05     ",787489.51
28/11/2025,309455-45002268 GBP,"LIQUIDLINE LIMITED","Faster Payment",411.58,"FOXWOOD CERAMICS L","FOXWOOD CERAMICS LINV. 783347       13024442955327000N536124     40     28NOV25 05:05     ",787901.09
28/11/2025,309455-45002268 GBP,"LIQUIDLINE LIMITED","Faster Payment",2275.32,"KEW GREEN GROUP LT","KEW GREEN GROUP LT278477            MF00094653A4B9E600200000     40     28NOV25 05:08     ",790176.41
28/11/2025,309455-45002268 GBP,"LIQUIDLINE LIMITED","Faster Payment",245.14,"THE RESIDENT VICTO","THE RESIDENT VICTO8930629           37024526613850000N600001     40     28NOV25 05:09     ",790421.55
28/11/2025,309455-45002268 GBP,"LIQUIDLINE LIMITED","Faster Payment",526.00,"SIMPSONS (PRESTON)","SIMPSONS (PRESTON)19450/19446       08023419983169000N010220     40     28NOV25 05:09     ",790947.55
28/11/2025,309455-45002268 GBP,"LIQUIDLINE LIMITED","Faster Payment",1447.46,"KEW GREEN GROUP LT","KEW GREEN GROUP LT278804            MF00204653A67D9D00200000     40     28NOV25 05:10     ",792395.01
28/11/2025,309455-45002268 GBP,"LIQUIDLINE LIMITED","Faster Payment",360.64,"IVRY STREET       ","IVRY STREET       INV SI-779347     04024648142466000N536124     40     28NOV25 05:13     ",792755.65
28/11/2025,309455-45002268 GBP,"LIQUIDLINE LIMITED","Faster Payment",215.72,"PRESTON AUDI      ","PRESTON AUDI      BACS REMITTANCE PLMF001846539F95EF00200000     40     28NOV25 05:14     ",792971.37
28/11/2025,309455-45002268 GBP,"LIQUIDLINE LIMITED","Faster Payment",398.42,"BLACKBURN AUDI    ","BLACKBURN AUDI    BACS REMITTANCE PLMF001646539F91E900200000     40     28NOV25 05:14     ",793369.79
28/11/2025,309455-45002268 GBP,"LIQUIDLINE LIMITED","Faster Payment",190.11,"VW LIVERPOOL VAN  ","VW LIVERPOOL VAN  BACS REMITTANCE PLMF00224653A07B5300200000     40     28NOV25 05:15     ",793559.90
28/11/2025,309455-45002268 GBP,"LIQUIDLINE LIMITED","Faster Payment",521.40,"STATERA ENERGY LIM","STATERA ENERGY LIMSTATERA ENERGY LIM06023605436221000N600404     40     28NOV25 05:15     ",794081.30
28/11/2025,309455-45002268 GBP,"LIQUIDLINE LIMITED","Faster Payment",1415.28,"TOYOTA MOTOR EUROP","TOYOTA MOTOR EUROPTGB SI-793299 404432553401715101F9SW406384     10     28NOV25 05:17     ",795496.58
28/11/2025,309455-45002268 GBP,"LIQUIDLINE LIMITED","Faster Payment",6557.99,"SOLUS-HEAD OFFICE ","SOLUS-HEAD OFFICE SOLUS             54025044858271000N600822     40     28NOV25 05:17     ",802054.57
28/11/2025,309455-45002268 GBP,"LIQUIDLINE LIMITED","Faster Payment",596.67,"KEW GREEN GROUP LT","KEW GREEN GROUP LT278894            MF00214653A683EF00200000     40     28NOV25 05:20     ",802651.24
28/11/2025,309455-45002268 GBP,"LIQUIDLINE LIMITED","Faster Payment",180.90,"A ONE TYRES (DROMO","A ONE TYRES (DROMO23790             FP085K5X4DTZR778R8950296     10     28NOV25 05:21     ",802832.14
28/11/2025,309455-45002268 GBP,"LIQUIDLINE LIMITED","Faster Payment",409.30,"SON COM GARAGE    ","SON COM GARAGE    ACC 17323         59030556080274000N601721     40     28NOV25 05:22     ",803241.44
28/11/2025,309455-45002268 GBP,"LIQUIDLINE LIMITED","Faster Payment",197.38,"TOYOTA MOTOR EUROP","TOYOTA MOTOR EUROPTCEU SI-782539 35735544622425113F5SW406384     10     28NOV25 05:24     ",803438.82
28/11/2025,309455-45002268 GBP,"LIQUIDLINE LIMITED","Faster Payment",12230.81,"TOWER LEASING LIMI","TOWER LEASING LIMI60242190032306    10024952423769000N602421     40     28NOV25 05:25     ",815669.63
28/11/2025,309455-45002268 GBP,"LIQUIDLINE LIMITED","Faster Payment",189.79,"CARLISE AUDI      ","CARLISE AUDI      BACS REMITTANCE PLMF00194653A4DCFC00200000     40     28NOV25 05:25     ",815859.42
28/11/2025,309455-45002268 GBP,"LIQUIDLINE LIMITED","Faster Payment",387.44,"CHESTER PEUGEOT   ","CHESTER PEUGEOT   BACS REMITTANCE PLMF00154653A550EA00200000     40     28NOV25 05:26     ",816246.86
28/11/2025,309455-45002268 GBP,"LIQUIDLINE LIMITED","Faster Payment",278.14,"THE SOLDIERS  SAIL","THE SOLDIERS  SAILCOUTTS & CO CLG   60033130931472000N180002     40     28NOV25 05:30     ",816525.00
28/11/2025,309455-45002268 GBP,"LIQUIDLINE LIMITED","Faster Payment",132.99,"BARNFIELD CONS ZZ1","BARNFIELD CONS ZZ1BARNFIELD CONSTRUC19024708027527000N010593     40     28NOV25 05:32     ",816657.99
28/11/2025,309455-45002268 GBP,"LIQUIDLINE LIMITED","Faster Payment",393.26,"THE RESIDENT COVEN","THE RESIDENT COVEN8919094           36024054873082000N600001     40     28NOV25 05:38     ",817051.25
28/11/2025,309455-45002268 GBP,"LIQUIDLINE LIMITED","Faster Payment",189.21,"DRAKE T AS ARMADA ","DRAKE T/AS ARMADA ARMADA D H        39025153773355000N600423     40     28NOV25 05:41     ",817240.46
28/11/2025,309455-45002268 GBP,"LIQUIDLINE LIMITED","Faster Payment",929.43,"ST MARYS CONVENT  ","ST MARYS CONVENT  ST MARYS CONVENT  44025041520554000N600530     40     28NOV25 05:42     ",818169.89
28/11/2025,309455-45002268 GBP,"LIQUIDLINE LIMITED","Faster Payment",271.92,"MARIT INT SEC SERV","MARIT INT SEC SERVSI-788051         34025043123942000N500000     40     28NOV25 05:44     ",818441.81
28/11/2025,309455-45002268 GBP,"LIQUIDLINE LIMITED","Faster Payment",371.98,"VANTAGE MOTOR GROU","VANTAGE MOTOR GROU13783             19025332307803000N601455     40     28NOV25 05:47     ",818813.79
28/11/2025,309455-45002268 GBP,"LIQUIDLINE LIMITED","Faster Payment",326.63,"J C B MEDWAY LTD  ","J C B MEDWAY LTD  EUROVAN EASTBOURNE48030934570598000N601455     40     28NOV25 05:50     ",819140.42
28/11/2025,309455-45002268 GBP,"LIQUIDLINE LIMITED","Faster Payment",493.26,"J C B MEDWAY LTD  ","J C B MEDWAY LTD  JCB RENAULT MEDWAY57030942795597000N601455     40     28NOV25 05:54     ",819633.68
28/11/2025,309455-45002268 GBP,"LIQUIDLINE LIMITED","Faster Payment",945.78,"BREEZE M COMP LTD ","BREEZE M COMP LTD NOV BACS          MF00484653A586B000207937     40     28NOV25 05:55     ",820579.46
28/11/2025,309455-45002268 GBP,"LIQUIDLINE LIMITED","Faster Payment",2068.92,"RAPID RELIEF TEAM ","RAPID RELIEF TEAM 20115 - SI781769  33060120229333000N606006     40     28NOV25 06:01     ",822648.38
28/11/2025,309455-45002268 GBP,"LIQUIDLINE LIMITED","Faster Payment",893.48,"KWWP GBP          ","KWWP GBP          SI-782699         MF00154653A587EB00200000     40     28NOV25 06:06     ",823541.86
28/11/2025,309455-45002268 GBP,"LIQUIDLINE LIMITED","Faster Payment",162.56,"PALLETLINE LONDON ","PALLETLINE LONDON PALLETLINE LONDON MF00044653A564F100206582     40     28NOV25 06:12     ",823704.42
28/11/2025,309455-45002268 GBP,"LIQUIDLINE LIMITED","Faster Payment",159.56,"DISTIN DENTI LTD  ","DISTIN DENTI LTD  21144             RP4659983838769200209790     10     28NOV25 06:30     ",823863.98
28/11/2025,309455-45002268 GBP,"LIQUIDLINE LIMITED","CHAPS or International Payment",1972.80,"1 BLANC RES","F/FLOW 1/BLANC RES7B022350804  SI-779517              ",825836.78
28/11/2025,309455-45002268 GBP,"LIQUIDLINE LIMITED","CHAPS or International Payment",301.39,"1 CAA SPORT","F/FLOW 1/CAA SPORT",826138.17
28/11/2025,309455-45002268 GBP,"LIQUIDLINE LIMITED","CHAPS or International Payment",86.29,"PERFORM CON","F/FLOW PERFORM CONIVPT  70880  70880",826224.46
28/11/2025,309455-45002268 GBP,"LIQUIDLINE LIMITED","Faster Payment",119.62,"INSTANT WIN GAMING","INSTANT WIN GAMINGSI-786461         56064323679121000N180002     40     28NOV25 06:43     ",826344.08
28/11/2025,309455-45002268 GBP,"LIQUIDLINE LIMITED","CHAPS or International Payment",278.18,"WALLSTREETD","F/FLOW WALLSTREETDSI-786742  SI-786742                ",826622.26
28/11/2025,309455-45002268 GBP,"LIQUIDLINE LIMITED","Faster Payment",188.89,"UNIVERSITY OF CHIC","UNIVERSITY OF CHICSI-798975         1a17aaa2de7e45619b040473     10     28NOV25 06:55     ",826811.15
28/11/2025,309455-45002268 GBP,"LIQUIDLINE LIMITED","Faster Payment",274.99,"PR LIMITED        ","PR LIMITED        785546            634762031011220101402818     40     28NOV25 07:11     ",827086.14
28/11/2025,309455-45002268 GBP,"LIQUIDLINE LIMITED","Faster Payment",176.97,"GOL CENT CYF      ","GOL CENT CYF      GOL CENTRES 7748  285794201031301101403427     40     28NOV25 07:15     ",827263.11
28/11/2025,309455-45002268 GBP,"LIQUIDLINE LIMITED","Faster Payment",355.02,"GABRIEL A S       ","GABRIEL A/S       SI-779179/        010F2152533201QE  608382     10     28NOV25 07:16     ",827618.13
28/11/2025,309455-45002268 GBP,"LIQUIDLINE LIMITED","Faster Payment",859.36,"LITTLEPORT LEISURE","LITTLEPORT LEISURESI-796805         300000001675497568309305     10     28NOV25 07:18     ",828477.49
28/11/2025,309455-45002268 GBP,"LIQUIDLINE LIMITED","Faster Payment",265.20,"EDITIONS BEA      ","EDITIONS BEA      SI-775574         416189156270821101402559     10     28NOV25 07:26     ",828742.69
28/11/2025,309455-45002268 GBP,"LIQUIDLINE LIMITED","Faster Payment",235.59,"LANSDOWNE         ","LANSDOWNE         STOCK86917        9641060461906211OB402006     40     28NOV25 07:30     ",828978.28
28/11/2025,309455-45002268 GBP,"LIQUIDLINE LIMITED","Faster Payment",273.00,"ROY BRIT LEG LTD  ","ROY BRIT LEG LTD  ACCOUNT 21800     850404658311401101403824     40     28NOV25 07:31     ",829251.28
28/11/2025,309455-45002268 GBP,"LIQUIDLINE LIMITED","Faster Payment",194.12,"NOTTINGHAMSHIRE WI","NOTTINGHAMSHIRE WINWTTL             55071603042853000N608009     40     28NOV25 07:31     ",829445.40
28/11/2025,309455-45002268 GBP,"LIQUIDLINE LIMITED","Faster Payment",463.57,"SOUTH EAST FERTILI","SOUTH EAST FERTILICARE TUNBRIDGE    30071618776496000N560061     40     28NOV25 07:31     ",829908.97
28/11/2025,309455-45002268 GBP,"LIQUIDLINE LIMITED","Faster Payment",197.38,"AVALON MGMT GRP LT","AVALON MGMT GRP LTSI-778051         44071644244205000R151000     40     28NOV25 07:33     ",830106.35
28/11/2025,309455-45002268 GBP,"LIQUIDLINE LIMITED","Faster Payment",26.40,"THE FURNITURE RECY","THE FURNITURE RECYTFRG LTD          43071700366224000N601743     40     28NOV25 07:36     ",830132.75
28/11/2025,309455-45002268 GBP,"LIQUIDLINE LIMITED","Faster Payment",1352.20,"WANT2BTHERE LTD   ","WANT2BTHERE LTD   LOVE HOLIDAYS     50071724177574000N605006     40     28NOV25 07:38     ",831484.95
28/11/2025,309455-45002268 GBP,"LIQUIDLINE LIMITED","Faster Payment",1017.82,"BILDER&LORD       ","BILDER&LORD       WHITBYS           657234141580621101402367     40     28NOV25 07:39     ",832502.77
28/11/2025,309455-45002268 GBP,"LIQUIDLINE LIMITED","Faster Payment",264.80,"WESTEXE FORKLIFTS ","WESTEXE FORKLIFTS WESTEXE FORKLIFTS 500000001672141019309314     10     28NOV25 07:54     ",832767.57
28/11/2025,309455-45002268 GBP,"LIQUIDLINE LIMITED","Faster Payment",180.90,"EL PULPO LIM      ","EL PULPO LIM      EL PULPO          875865523171621101403135     40     28NOV25 08:00     ",832948.47
28/11/2025,309455-45002268 GBP,"LIQUIDLINE LIMITED","Faster Payment",28.51,"MED INS & ADVISORY","MED INS & ADVISORYSI-787030         58080156955999000N536124     10     28NOV25 08:01     ",832976.98
28/11/2025,309455-45002268 GBP,"LIQUIDLINE LIMITED","Faster Payment",794.61,"CRESTBRIDGE UK LTD","CRESTBRIDGE UK LTD8396823344808211HN402533     10     28NOV25 08:44     ",833771.59
28/11/2025,309455-45002268 GBP,"LIQUIDLINE LIMITED","Faster Payment",1371.12,"INFINITSPACE UK TW","INFINITSPACE UK TWSI-795226         REV643203670025543230120     10     28NOV25 08:59     ",835142.71
28/11/2025,309455-45002268 GBP,"LIQUIDLINE LIMITED","Faster Payment",39.61,"INFINITSPACE KINGS","INFINITSPACE KINGSSI-788692         REV643204434876811042909     10     28NOV25 09:00     ",835182.32
28/11/2025,309455-45002268 GBP,"LIQUIDLINE LIMITED","Faster Payment",126.44,"BRIDGE HOUSE  OXFO","BRIDGE HOUSE  OXFOSAGE PAYMENTS     MODULO00P21102BXHW040072     10     28NOV25 09:04     ",835308.76
28/11/2025,309455-45002268 GBP,"LIQUIDLINE LIMITED","Faster Payment",262.63,"CAREBASE  SEWARDST","CAREBASE  SEWARDSTSAGE PAYMENTS     MODULO00P211030MUD040072     10     28NOV25 09:04     ",835571.39
28/11/2025,309455-45002268 GBP,"LIQUIDLINE LIMITED","Faster Payment",655.60,"CHERRY WOOD GRANGE","CHERRY WOOD GRANGESAGE PAYMENTS     MODULO00P211030SCN040072     10     28NOV25 09:04     ",836226.99
28/11/2025,309455-45002268 GBP,"LIQUIDLINE LIMITED","Faster Payment",300.43,"CAREBASE  HEMEL  L","CAREBASE  HEMEL  LSAGE PAYMENTS     MODULO00P211031U0W040072     10     28NOV25 09:04     ",836527.42
28/11/2025,309455-45002268 GBP,"LIQUIDLINE LIMITED","Faster Payment",996.20,"LONDON & WEST INVE","LONDON & WEST INVESAGE PAYMENTS     MODULO00P21103144V040072     10     28NOV25 09:04     ",837523.62
28/11/2025,309455-45002268 GBP,"LIQUIDLINE LIMITED","Faster Payment",379.36,"INFINITSPACE UK TW","INFINITSPACE UK TWSI-784272         REV643207581712156230120     10     28NOV25 09:05     ",837902.98
28/11/2025,309455-45002268 GBP,"LIQUIDLINE LIMITED","Faster Payment",1371.12,"INFINITSPACE UK TW","INFINITSPACE UK TWSI-786413         REV643207586142164230120     10     28NOV25 09:05     ",839274.10
28/11/2025,309455-45002268 GBP,"LIQUIDLINE LIMITED","Faster Payment",379.36,"INFINITSPACE ALDGA","INFINITSPACE ALDGASI-784476         REV643207596192188040075     10     28NOV25 09:06     ",839653.46
28/11/2025,309455-45002268 GBP,"LIQUIDLINE LIMITED","Faster Payment",240.00,"INFINITSPACE ALDGA","INFINITSPACE ALDGASI-779297         REV643207601432200040075     10     28NOV25 09:06     ",839893.46
28/11/2025,309455-45002268 GBP,"LIQUIDLINE LIMITED","Faster Payment",35.28,"7JAY              ","7JAY              ACCT 21312        076343951190821101401915     10     28NOV25 09:12     ",839928.74
28/11/2025,309455-45002268 GBP,"LIQUIDLINE LIMITED","Faster Payment",217.56,"STELLAR ENTERTAINM","STELLAR ENTERTAINMSI-785262         62091405576019000N301393     10     28NOV25 09:14     ",840146.30
28/11/2025,309455-45002268 GBP,"LIQUIDLINE LIMITED","Faster Payment",1610.22,"INFINITSPACE UK TW","INFINITSPACE UK TWSI-779337         REV643215469355543230120     10     28NOV25 09:19     ",841756.52
28/11/2025,309455-45002268 GBP,"LIQUIDLINE LIMITED","Faster Payment",222.12,"INFINITSPACE UK TW","INFINITSPACE UK TWSI-779340         REV643215476045556230120     10     28NOV25 09:19     ",841978.64
28/11/2025,309455-45002268 GBP,"LIQUIDLINE LIMITED","Faster Payment",1610.22,"INFINITSPACE UK TW","INFINITSPACE UK TWSI-779338         REV643215475525555230120     10     28NOV25 09:19     ",843588.86
28/11/2025,309455-45002268 GBP,"LIQUIDLINE LIMITED","Faster Payment",222.12,"INFINITSPACE UK TW","INFINITSPACE UK TWSI-779341         REV643215481815565230120     10     28NOV25 09:19     ",843810.98
28/11/2025,309455-45002268 GBP,"LIQUIDLINE LIMITED","Faster Payment",222.12,"INFINITSPACE UK TW","INFINITSPACE UK TWSI-779342         REV643215484275568230120     10     28NOV25 09:19     ",844033.10
28/11/2025,309455-45002268 GBP,"LIQUIDLINE LIMITED","Faster Payment",643.02,"INFINITSPACE KINGS","INFINITSPACE KINGSSI-779310         REV643215491515577042909     10     28NOV25 09:19     ",844676.12
28/11/2025,309455-45002268 GBP,"LIQUIDLINE LIMITED","Faster Payment",118.02,"INFINITSPACE KINGS","INFINITSPACE KINGSSI-779311         REV643215491955580042909     10     28NOV25 09:19     ",844794.14
28/11/2025,309455-45002268 GBP,"LIQUIDLINE LIMITED","Faster Payment",144.12,"INFINITSPACE ALDGA","INFINITSPACE ALDGASI-779299         REV643215502565599040075     10     28NOV25 09:19     ",844938.26
28/11/2025,309455-45002268 GBP,"LIQUIDLINE LIMITED","Faster Payment",144.12,"INFINITSPACE ALDGA","INFINITSPACE ALDGASI-779301         REV643215511935613040075     10     28NOV25 09:19     ",845082.38
28/11/2025,309455-45002268 GBP,"LIQUIDLINE LIMITED","Faster Payment",240.00,"INFINITSPACE ALDGA","INFINITSPACE ALDGASI-779298         REV643215513695619040075     10     28NOV25 09:19     ",845322.38
28/11/2025,309455-45002268 GBP,"LIQUIDLINE LIMITED","Faster Payment",1610.22,"INFINITSPACE UK TW","INFINITSPACE UK TWSI-779339         REV643215526145635230120     10     28NOV25 09:19     ",846932.60
28/11/2025,309455-45002268 GBP,"LIQUIDLINE LIMITED","Faster Payment",144.12,"INFINITSPACE ALDGA","INFINITSPACE ALDGASI-779300         REV643215530435648040075     10     28NOV25 09:19     ",847076.72
28/11/2025,309455-45002268 GBP,"LIQUIDLINE LIMITED","Faster Payment",240.00,"INFINITSPACE ALDGA","INFINITSPACE ALDGASI-779302         REV643215531195651040075     10     28NOV25 09:19     ",847316.72
28/11/2025,309455-45002268 GBP,"LIQUIDLINE LIMITED","Faster Payment",896.56,"SACKVILLE CAPITAL ","SACKVILLE CAPITAL SI-780043         REV643215591955735042909     10     28NOV25 09:19     ",848213.28
28/11/2025,309455-45002268 GBP,"LIQUIDLINE LIMITED","Faster Payment",948.00,"STELLANOR DATACENT","STELLANOR DATACENT69104372429085F8SW406384     10     28NOV25 09:24     ",849161.28
28/11/2025,309455-45002268 GBP,"LIQUIDLINE LIMITED","Faster Payment",18.49,"OBI PROPERTY LIMIT","OBI PROPERTY LIMITSI-782094         838875028937408491040473     10     28NOV25 09:28     ",849179.77
28/11/2025,309455-45002268 GBP,"LIQUIDLINE LIMITED","Faster Payment",278.56,"WINS CAR LTD SW   ","WINS CAR LTD SW   8119              RP4679966908543700206934     10     28NOV25 09:34     ",849458.33
28/11/2025,309455-45002268 GBP,"LIQUIDLINE LIMITED","Faster Payment",878.96,"SOUFFLET BAIRDS MA","SOUFFLET BAIRDS MAINV/SI-788731/INV14093640933447000R165487     10     28NOV25 09:37     ",850337.29
28/11/2025,309455-45002268 GBP,"LIQUIDLINE LIMITED","Faster Payment",393.66,"THE HU FA FU LTD  ","THE HU FA FU LTD  ACCOUNT 1247      BX2511286127348300202267     10     28NOV25 09:43     ",850730.95
28/11/2025,309455-45002268 GBP,"LIQUIDLINE LIMITED","Faster Payment",331.46,"RICHMOND CARS LIMI","RICHMOND CARS LIMIRICHMOND BOGNOR   000000FT253326YNYT230580     10     28NOV25 09:56     ",851062.41
28/11/2025,309455-45002268 GBP,"LIQUIDLINE LIMITED","Faster Payment",1176.76,"IMPELLAM HOLDINGS ","IMPELLAM HOLDINGS IHL1-000405       000000040340066301200000     50     28NOV25 09:59     ",852239.17
28/11/2025,309455-45002268 GBP,"LIQUIDLINE LIMITED","Faster Payment",95.75,"LEGALEASE LTD     ","LEGALEASE LTD     SI 787100         2fba3972fadc4cb983041906     10     28NOV25 10:00     ",852334.92
28/11/2025,309455-45002268 GBP,"LIQUIDLINE LIMITED","Faster Payment",690.37,"TALENT SYSTEMS EUR","TALENT SYSTEMS EUR780169            f763431c83934db7a7041906     10     28NOV25 10:00     ",853025.29
28/11/2025,309455-45002268 GBP,"LIQUIDLINE LIMITED","Faster Payment",192.10,"TALENT SYSTEMS EUR","TALENT SYSTEMS EURSI 780172         9406b83efdbc46c896041906     10     28NOV25 10:00     ",853217.39
28/11/2025,309455-45002268 GBP,"LIQUIDLINE LIMITED","Faster Payment",188.89,"TALENT SYSTEMS EUR","TALENT SYSTEMS EURSI-784439         11451ead72fc4c7c93041906     10     28NOV25 10:00     ",853406.28
28/11/2025,309455-45002268 GBP,"LIQUIDLINE LIMITED","Faster Payment",188.89,"TALENT SYSTEMS EUR","TALENT SYSTEMS EURSI-784438         611e0a55bf724068a0041906     10     28NOV25 10:00     ",853595.17
28/11/2025,309455-45002268 GBP,"LIQUIDLINE LIMITED","Faster Payment",690.37,"TALENT SYSTEMS EUR","TALENT SYSTEMS EUR780170            af376d90b71a4cc792041906     10     28NOV25 10:00     ",854285.54
28/11/2025,309455-45002268 GBP,"LIQUIDLINE LIMITED","Faster Payment",192.10,"TALENT SYSTEMS EUR","TALENT SYSTEMS EUR780171            a4582b6e312c49f898041906     10     28NOV25 10:01     ",854477.64
28/11/2025,309455-45002268 GBP,"LIQUIDLINE LIMITED","Faster Payment",2749.82,"UNTIL WIGMORE LTD ","UNTIL WIGMORE LTD SI-785268         5df8d486927f4bd5b5040473     10     28NOV25 10:03     ",857227.46
28/11/2025,309455-45002268 GBP,"LIQUIDLINE LIMITED","Faster Payment",154.38,"PAYMENT ACCOUNT   ","PAYMENT ACCOUNT   CHASE DE VERE IFA MF00104653A69F6100205540     10     28NOV25 10:06     ",857381.84
28/11/2025,309455-45002268 GBP,"LIQUIDLINE LIMITED","Faster Payment",1271.02,"IDEAL CLEANING SER","IDEAL CLEANING SER200000001668321347309618     10     28NOV25 10:07     ",858652.86
28/11/2025,309455-45002268 GBP,"LIQUIDLINE LIMITED","Faster Payment",550.20,"HUAWEI TECHNOLOGIE","HUAWEI TECHNOLOGIESI788947          000000040340108501203253     50     28NOV25 10:09     ",859203.06
28/11/2025,309455-45002268 GBP,"LIQUIDLINE LIMITED","Faster Payment",132.48,"SELECTA U.K. LIMIT","SELECTA U.K. LIMIT2025112818241695  000000040340147501203253     50     28NOV25 10:09     ",859335.54
28/11/2025,309455-45002268 GBP,"LIQUIDLINE LIMITED","Faster Payment",705.41,"BROWNHILLS MOTORHO","BROWNHILLS MOTORHOBROWNHILLS        25101148155856000N541023     40     28NOV25 10:12     ",860040.95
28/11/2025,309455-45002268 GBP,"LIQUIDLINE LIMITED","Faster Payment",52.34,"BOARDLEY AND ROBER","BOARDLEY AND ROBERBOARDLEY          100000001663161702309455     10     28NOV25 10:20     ",860093.29
28/11/2025,309455-45002268 GBP,"LIQUIDLINE LIMITED","Faster Payment",1337.38,"RICHMOND CARS BOTL","RICHMOND CARS BOTL9138              000000FT253328N6K1230580     10     28NOV25 10:36     ",861430.67
28/11/2025,309455-45002268 GBP,"LIQUIDLINE LIMITED","Faster Payment",4507.44,"LOVEDAY & CO UK LT","LOVEDAY & CO UK LTLOVEDAY NH        000000FT25332FRGX1230580     10     28NOV25 10:49     ",865938.11
28/11/2025,309455-45002268 GBP,"LIQUIDLINE LIMITED","Faster Payment",615.65,"SEATON TRAMWAY (EN","SEATON TRAMWAY (EN15811             600000001672133952309037     10     28NOV25 10:49     ",866553.76
28/11/2025,309455-45002268 GBP,"LIQUIDLINE LIMITED","Faster Payment",221.76,"DIRECT FERRIES LIM","DIRECT FERRIES LIM0386              865894040118221XAH400520     40     28NOV25 11:04     ",866775.52
28/11/2025,309455-45002268 GBP,"LIQUIDLINE LIMITED","Faster Payment",724.23,"NEWMANS SOUTHAMPTO","NEWMANS SOUTHAMPTOLIQ01             000000FT25332VLJM8230580     10     28NOV25 11:10     ",867499.75
28/11/2025,309455-45002268 GBP,"LIQUIDLINE LIMITED","Faster Payment",280.00,"AERFIN LIMITED    ","AERFIN LIMITED    AERFIN LTD        06111033643874000N600001     10     28NOV25 11:10     ",867779.75
28/11/2025,309455-45002268 GBP,"LIQUIDLINE LIMITED","Faster Payment",106.66,"LONDON PREMIER CEN","LONDON PREMIER CENSALES INVOICE SI-7REV643282764126112040075     10     28NOV25 11:11     ",867886.41
28/11/2025,309455-45002268 GBP,"LIQUIDLINE LIMITED","Faster Payment",262.29,"NIMLOK LTD YY4    ","NIMLOK LTD YY4    PAJ125486         47111454852781000N536133     40     28NOV25 11:14     ",868148.70
28/11/2025,309455-45002268 GBP,"LIQUIDLINE LIMITED","Faster Payment",231.39,"GHYLL HOUSE       ","GHYLL HOUSE       0875              253273938211821101401918     10     28NOV25 11:28     ",868380.09
28/11/2025,309455-45002268 GBP,"LIQUIDLINE LIMITED","Faster Payment",554.72,"CANARY WHARF RESID","CANARY WHARF RESIDSI-789418         PH737VHWZJOF33K400200000     40     28NOV25 11:29     ",868934.81
28/11/2025,309455-45002268 GBP,"LIQUIDLINE LIMITED","Faster Payment",348.32,"VERTUS RESIDENTIAL","VERTUS RESIDENTIALSI-772569,SI-78039PH737WT5WCNF33ID00200000     40     28NOV25 11:29     ",869283.13
28/11/2025,309455-45002268 GBP,"LIQUIDLINE LIMITED","Faster Payment",234.36,"CANARY WHARF RESID","CANARY WHARF RESIDSI-789441         PH737VHTZRMF33L000200000     40     28NOV25 11:38     ",869517.49
28/11/2025,309455-45002268 GBP,"LIQUIDLINE LIMITED","Faster Payment",896.56,"VERTUS RESIDENTIAL","VERTUS RESIDENTIALSI-780254         PH737WN6CPBF33M800200000     40     28NOV25 11:38     ",870414.05
28/11/2025,309455-45002268 GBP,"LIQUIDLINE LIMITED","Faster Payment",333.98,"BESTSELLER A S    ","BESTSELLER A/S    SI-788777/        75374755441195F7SW406384     10     28NOV25 11:45     ",870748.03
28/11/2025,309455-45002268 GBP,"LIQUIDLINE LIMITED","Faster Payment",480.95,"ENVIRON FOR       ","ENVIRON FOR       ACC 9395          435718333511821101401414     10     28NOV25 11:53     ",871228.98
28/11/2025,309455-45002268 GBP,"LIQUIDLINE LIMITED","Faster Payment",319.45,"DALY'S GARAGE     ","DALY'S GARAGE     A/C 19837 OCT     62120233666503000J980017     10     28NOV25 12:02     ",871548.43
28/11/2025,309455-45002268 GBP,"LIQUIDLINE LIMITED","Faster Payment",140.40,"PATCH PLACES LTD  ","PATCH PLACES LTD  SI-779809         231c0777a69d4b2f8d040473     10     28NOV25 12:06     ",871688.83
28/11/2025,309455-45002268 GBP,"LIQUIDLINE LIMITED","Faster Payment",107.13,"COVALT            ","COVALT            787682            162765507021821101404208     10     28NOV25 12:07     ",871795.96
28/11/2025,309455-45002268 GBP,"LIQUIDLINE LIMITED","Faster Payment",174.00,"KYRIBA UK LIMITED ","KYRIBA UK LIMITED 281475437644139   010F274253324Z2N  608382     10     28NOV25 12:07     ",871969.96
28/11/2025,309455-45002268 GBP,"LIQUIDLINE LIMITED","Faster Payment",280.80,"CAMBRIONIX L      ","CAMBRIONIX L      CAMBRIONIX LTD    078702848021821101401804     10     28NOV25 12:08     ",872250.76
28/11/2025,309455-45002268 GBP,"LIQUIDLINE LIMITED","Faster Payment",223.17,"AMBASSADEURS COM L","AMBASSADEURS COM LAMBASSADEURS COMM MF00264653A7B11500206568     10     28NOV25 12:28     ",872473.93
28/11/2025,309455-45002268 GBP,"LIQUIDLINE LIMITED","Faster Payment",2254.90,"HAPPENING TECHNOLO","HAPPENING TECHNOLOXP5629994840765972185008     10     28NOV25 12:45     ",874728.83
28/11/2025,309455-45002268 GBP,"LIQUIDLINE LIMITED","Faster Payment",1945.64,"INFLITE THE JET CE","INFLITE THE JET CEINFLITE THE JET CE52124634216493000N600236     10     28NOV25 12:46     ",876674.47
28/11/2025,309455-45002268 GBP,"LIQUIDLINE LIMITED","Faster Payment",524.36,"GB NEWS LIMITED   ","GB NEWS LIMITED   SI-789232         31125033679344000N180002     40     28NOV25 12:50     ",877198.83
28/11/2025,309455-45002268 GBP,"LIQUIDLINE LIMITED","Faster Payment",690.00,"PARAGON PROTECTION","PARAGON PROTECTIONPARAGON           3eb6b6bbaaff4fd8a2041376     10     28NOV25 12:53     ",877888.83
28/11/2025,309455-45002268 GBP,"LIQUIDLINE LIMITED","Faster Payment",2115.62,"LANDROVER         ","LANDROVER         SINCLAIR JLR SWANSBX2511286130968600208391     10     28NOV25 13:20     ",880004.45
28/11/2025,309455-45002268 GBP,"LIQUIDLINE LIMITED","Faster Payment",1594.16,"SILVERMERE GOLF   ","SILVERMERE GOLF   SILVERMERE GOLF   48133047417000000N600001     40     28NOV25 13:30     ",881598.61
28/11/2025,309455-45002268 GBP,"LIQUIDLINE LIMITED","Faster Payment",391.10,"THE MILLBOARD COMP","THE MILLBOARD COMP09072227419685    00151985632BCHWQTC090722     10     28NOV25 13:31     ",881989.71
28/11/2025,309455-45002268 GBP,"LIQUIDLINE LIMITED","Faster Payment",675.79,"VERITION ADVISORS ","VERITION ADVISORS 7647244273318211HN404170     10     28NOV25 13:37     ",882665.50
28/11/2025,309455-45002268 GBP,"LIQUIDLINE LIMITED","Faster Payment",623.29,"ACA NEWCASTLE SEAT","ACA/NEWCASTLE SEAT21419             46134105254960000R832127     10     28NOV25 13:41     ",883288.79
28/11/2025,309455-45002268 GBP,"LIQUIDLINE LIMITED","Faster Payment",134.86,"ACA EK MOTORSTORE ","ACA/EK MOTORSTORE SI783568          14134244532569000R832127     10     28NOV25 13:42     ",883423.65
28/11/2025,309455-45002268 GBP,"LIQUIDLINE LIMITED","Faster Payment",340.55,"ACA KIRKCALDY FIAT","ACA/KIRKCALDY FIAT7994              41134244956023000R832127     10     28NOV25 13:42     ",883764.20
28/11/2025,309455-45002268 GBP,"LIQUIDLINE LIMITED","Faster Payment",269.72,"ACA KIRCALDY KIA  ","ACA/KIRCALDY KIA  4230              42134244958538000R832127     10     28NOV25 13:42     ",884033.92
28/11/2025,309455-45002268 GBP,"LIQUIDLINE LIMITED","Faster Payment",318.27,"ACA WALLSEND SILVE","ACA/WALLSEND SILVE21977             46134245043872000R832127     10     28NOV25 13:42     ",884352.19
28/11/2025,309455-45002268 GBP,"LIQUIDLINE LIMITED","CHAPS or International Payment",2280.91,"1 STANTEC U","F/FLOW 1/STANTEC UBOA UK PSA1  3015142                ",886633.10
28/11/2025,309455-45002268 GBP,"LIQUIDLINE LIMITED","Faster Payment",162.66,"RICHMOND CARS SOUT","RICHMOND CARS SOUT7713              000000FT2533241L50230580     10     28NOV25 14:07     ",886795.76
28/11/2025,309455-45002268 GBP,"LIQUIDLINE LIMITED","Faster Payment",789.52,"THE GEORGE TINTERN","THE GEORGE TINTERNPH-1314-SI 783375 REV643390349201514230120     10     28NOV25 14:10     ",887585.28
28/11/2025,309455-45002268 GBP,"LIQUIDLINE LIMITED","Faster Payment",2588.81,"SHEFFIELDVAUXCUR  ","SHEFFIELDVAUXCUR  PENTAGON SHEFFIELDBX2511286128275700200790     10     28NOV25 14:24     ",890174.09
28/11/2025,309455-45002268 GBP,"LIQUIDLINE LIMITED","Faster Payment",56.09,"PFA               ","PFA               GEN281125         38143127074328000R160018     10     28NOV25 14:31     ",890230.18
28/11/2025,309455-45002268 GBP,"LIQUIDLINE LIMITED","Faster Payment",2961.16,"ACA AYR VAUXHALL  ","ACA/AYR VAUXHALL  4435              13143616615544000R832127     10     28NOV25 14:36     ",893191.34
28/11/2025,309455-45002268 GBP,"LIQUIDLINE LIMITED","Faster Payment",271.45,"FIELD SERVICE SOLU","FIELD SERVICE SOLUSPF-S-370389      00156558632BBBHCVR090222     10     28NOV25 14:37     ",893462.79
28/11/2025,309455-45002268 GBP,"LIQUIDLINE LIMITED","Faster Payment",434.48,"FUTURE ELECTRONICS","FUTURE ELECTRONICSINVOICE: SC-22591196663071544198F8SW234635     10     28NOV25 14:45     ",893897.27
28/11/2025,309455-45002268 GBP,"LIQUIDLINE LIMITED","Faster Payment",101.75,"INCHCAPE MANAGEM  ","INCHCAPE MANAGEM  20251107/SI-79445607144530839592000N500000     40     28NOV25 14:45     ",893999.02
28/11/2025,309455-45002268 GBP,"LIQUIDLINE LIMITED","Faster Payment",908.59,"RON BROOKS LIMITED","RON BROOKS LIMITEDNOVEMBER 25 PAYMEN019627540518212XAH402529     40     28NOV25 15:04     ",894907.61
28/11/2025,309455-45002268 GBP,"LIQUIDLINE LIMITED","Faster Payment",36.98,"NEXT PLC BARCLAYS ","NEXT PLC BARCLAYS 132005 22B20794   000000040345681501204846     50     28NOV25 15:08     ",894944.59
28/11/2025,309455-45002268 GBP,"LIQUIDLINE LIMITED","Faster Payment",516.48,"ROMFORD GOLF CLUB ","ROMFORD GOLF CLUB RGC 21771         600000001672412626309713     10     28NOV25 15:15     ",895461.07
28/11/2025,309455-45002268 GBP,"LIQUIDLINE LIMITED","Faster Payment",525.47,"CHEFFINS OFFICE   ","CHEFFINS OFFICE   CHEFFINS          MF00334653A8441300201768     10     28NOV25 15:23     ",895986.54
28/11/2025,309455-45002268 GBP,"LIQUIDLINE LIMITED","Faster Payment",16.05,"AFIT COMMERCIAL LT","AFIT COMMERCIAL LTAFIT SI- 795502   100000001663492565308037     10     28NOV25 15:35     ",896002.59
28/11/2025,309455-45002268 GBP,"LIQUIDLINE LIMITED","Faster Payment",252.88,"THE COURTYARD DAIR","THE COURTYARD DAIRCOURTYARD DAIRY   300000001676052758309777     10     28NOV25 15:37     ",896255.47
28/11/2025,309455-45002268 GBP,"LIQUIDLINE LIMITED","Faster Payment",714.55,"ALLIES&MORR LLP   ","ALLIES&MORR LLP   ALLIES 21935      15153936879641000R160102     10     28NOV25 15:39     ",896970.02
28/11/2025,309455-45002268 GBP,"LIQUIDLINE LIMITED","Faster Payment",571.77,"GLOBAL AUTOCARE LI","GLOBAL AUTOCARE LIACCOUNT 9406      YBBPI1546528319958050303     10     28NOV25 15:46     ",897541.79
28/11/2025,309455-45002268 GBP,"LIQUIDLINE LIMITED","Faster Payment",2621.18,"ESTAR TRUCK AND VA","ESTAR TRUCK AND VAINVOICE PAYMENT   260969010618260UAH402908     40     28NOV25 16:01     ",900162.97
28/11/2025,309455-45002268 GBP,"LIQUIDLINE LIMITED","Faster Payment",3948.06,"GET LIVING LONDON ","GET LIVING LONDON GET LIVING        127720140618246XNC400520     40     28NOV25 16:04     ",904111.03
28/11/2025,309455-45002268 GBP,"LIQUIDLINE LIMITED","Faster Payment",335.16,"HUCKLETREE 1HGA LI","HUCKLETREE 1HGA LIHUCKLETREE 1HGA LI702403050618253XAH401160     40     28NOV25 16:05     ",904446.19
28/11/2025,309455-45002268 GBP,"LIQUIDLINE LIMITED","Faster Payment",670.17,"COUNTRY CCH3 OP LT","COUNTRY CCH3 OP LT715330            MF00364653A8522800207718     10     28NOV25 16:10     ",905116.36
28/11/2025,309455-45002268 GBP,"LIQUIDLINE LIMITED","Faster Payment",329.99,"CCCH7             ","CCCH7             715476            MF00224653A857EE00207718     10     28NOV25 16:10     ",905446.35
28/11/2025,309455-45002268 GBP,"LIQUIDLINE LIMITED","Faster Payment",963.16,"COUNTRY CCH LTD   ","COUNTRY CCH LTD   715280            MF00374653A8522600207718     10     28NOV25 16:10     ",906409.51
28/11/2025,309455-45002268 GBP,"LIQUIDLINE LIMITED","Faster Payment",2261.05,"CCCH6 LIMITED     ","CCCH6 LIMITED     715434            MF00264653A854AD00207718     10     28NOV25 16:10     ",908670.56
28/11/2025,309455-45002268 GBP,"LIQUIDLINE LIMITED","Faster Payment",3857.78,"COUNTRY CC HOM 2 L","COUNTRY CC HOM 2 L716149            MF00504653A857D800207718     10     28NOV25 16:10     ",912528.34
28/11/2025,309455-45002268 GBP,"LIQUIDLINE LIMITED","Faster Payment",128.23,"CCCH15 OPCO LTD   ","CCCH15 OPCO LTD   715685            MF00064653A85C3500207718     10     28NOV25 16:12     ",912656.57
28/11/2025,309455-45002268 GBP,"LIQUIDLINE LIMITED","Faster Payment",172.44,"CCCH 11 OPCO      ","CCCH 11 OPCO      715712            MF00164653A85C3200207718     10     28NOV25 16:12     ",912829.01
28/11/2025,309455-45002268 GBP,"LIQUIDLINE LIMITED","Faster Payment",175.03,"CCCH10 LTD        ","CCCH10 LTD        715619            MF00374653A854B700207718     10     28NOV25 16:12     ",913004.04
28/11/2025,309455-45002268 GBP,"LIQUIDLINE LIMITED","Faster Payment",759.45,"TMS LIMITED       ","TMS LIMITED       16898 TMS LTD     000000FT253320T8WN230580     10     28NOV25 16:24     ",913763.49
28/11/2025,309455-45002268 GBP,"LIQUIDLINE LIMITED","Faster Payment",303.60,"BEACON LGHTS      ","BEACON LGHTS      3787              970174546261821101402833     10     28NOV25 16:26     ",914067.09
28/11/2025,309455-45002268 GBP,"LIQUIDLINE LIMITED","Faster Payment",2748.42,"ELLISONS COL BUS  ","ELLISONS COL BUS  NO REF            MF00204653A8A1D200202275     10     28NOV25 16:32     ",916815.51
28/11/2025,309455-45002268 GBP,"LIQUIDLINE LIMITED","Faster Payment",2143.93,"VERTU TOYOTA YORKS","VERTU TOYOTA YORKSBACS REMITTANCE PLMF00364653A8AD5D00205942     10     28NOV25 16:37     ",918959.44
28/11/2025,309455-45002268 GBP,"LIQUIDLINE LIMITED","Faster Payment",2078.98,"ESTELLE MANOR LT B","ESTELLE MANOR LT BNO REF            MF01134653A82C3000200000     10     28NOV25 16:45     ",921038.42
28/11/2025,309455-45002268 GBP,"LIQUIDLINE LIMITED","Faster Payment",650.96,"MOORE BARLOW LLP  ","MOORE BARLOW LLP  28112510923       22164640234698000N180002     10     28NOV25 16:46     ",921689.38
28/11/2025,309455-45002268 GBP,"LIQUIDLINE LIMITED","Faster Payment",1227.24,"JAGUAR CREWE      ","JAGUAR CREWE      BACS REMITTANCE PLMF00224653A7AC0600200000     10     28NOV25 16:50     ",922916.62
28/11/2025,309455-45002268 GBP,"LIQUIDLINE LIMITED","Faster Payment",1252.84,"JAGUAR CREWE      ","JAGUAR CREWE      BACS REMITTANCE PLMF00204653A7AC0600200000     10     28NOV25 16:50     ",924169.46
28/11/2025,309455-45002268 GBP,"LIQUIDLINE LIMITED","Faster Payment",485.40,"PEAK PRFRMNCE EXET","PEAK PRFRMNCE EXETVENDING REPAIRS   19165254508600000N560049     10     28NOV25 16:52     ",924654.86
28/11/2025,309455-45002268 GBP,"LIQUIDLINE LIMITED","CHAPS or International Payment",1140.00,"WINIT (UK) ","F/FLOW WINIT (UK) 788897            ",925794.86
28/11/2025,309455-45002268 GBP,"LIQUIDLINE LIMITED","Faster Payment",8756.23,"DMG OFFICE LTD    ","DMG OFFICE LTD    DMG               61171444020833000N602426     10     28NOV25 17:14     ",934551.09
28/11/2025,309455-45002268 GBP,"LIQUIDLINE LIMITED","Faster Payment",338.89,"IFAST GLOBAL BANK ","IFAST GLOBAL BANK SI-783120         f5987270f55c4253a2040562     10     28NOV25 17:57     ",934889.98
28/11/2025,309455-45002268 GBP,"LIQUIDLINE LIMITED","Faster Payment",678.71,"F. VINDIS AND SONS","F. VINDIS AND SONS3981              873320110818225UAH403333     40     28NOV25 18:01     ",935568.69
28/11/2025,309455-45002268 GBP,"LIQUIDLINE LIMITED","Faster Payment",1293.28,"F. VINDIS AND SONS","F. VINDIS AND SONSAC 3104           786589040818261XAH403333     40     28NOV25 18:04     ",936861.97
28/11/2025,309455-45002268 GBP,"LIQUIDLINE LIMITED","Faster Payment",952.32,"PETERBOROUGH AUDI ","PETERBOROUGH AUDI SI-783567         176848140818257XAH403333     40     28NOV25 18:04     ",937814.29
28/11/2025,309455-45002268 GBP,"LIQUIDLINE LIMITED","Faster Payment",149.52,"4C HOTELS MINORIES","4C HOTELS MINORIES146823            MF00564653A273DD00207217     10     28NOV25 19:37     ",937963.81
28/11/2025,309455-45002268 GBP,"LIQUIDLINE LIMITED","Sweeping",4341.07,,"FROM30788313547260",942304.88
28/11/2025,309455-45002268 GBP,"LIQUIDLINE LIMITED","Closing Ledger",942304.88,,,942304.88